,instrument_token,last_price,last_traded_quantity,average_traded_price,volume_traded,total_buy_quantity,total_sell_quantity,ohlc,change,last_trade_time,oi,exchange_timestamp
0,22948098,0.0,0,0.0,0,0,0,"{'open': 0.0, 'high': 0.0, 'low': 0.0, 'close': 1746.95}",-100.0,2024-05-30 12:57:12,0,2024-08-16 17:25:15
1,14964482,158.0,0,0.0,0,0,0,"{'open': 100.7, 'high': 231.25, 'low': 60.55, 'close': 79.65}",98.36785938480853,2024-08-16 15:29:59,363135,2024-08-16 17:24:12
2,283896325,3303.25,0,0.0,0,0,0,"{'open': 0.0, 'high': 0.0, 'low': 0.0, 'close': 3303.25}",0.0,2024-02-08 00:00:00,0,2024-08-16 18:58:06
3,18238466,0.0,0,0.0,0,0,0,"{'open': 0.0, 'high': 0.0, 'low': 0.0, 'close': 1133.9}",-100.0,2024-04-25 11:16:42,0,2024-08-16 17:24:44
4,9868802,27.5,0,0.0,0,0,0,"{'open': 35.0, 'high': 50.6, 'low': 27.5, 'close': 81.1}",-66.0912453760789,2024-08-16 15:28:12,4350,2024-08-16 17:25:01
5,10994946,2434.3,0,0.0,0,0,0,"{'open': 0.0, 'high': 0.0, 'low': 0.0, 'close': 2434.3}",0.0,2024-08-05 14:25:12,240,2024-08-16 17:24:14
6,10558978,0.0,0,0.0,0,0,0,"{'open': 14.85, 'high': 67.1, 'low': 0.05, 'close': 445.85}",-100.0,2024-04-30 15:29:54,0,2024-08-16 17:24:56
7,9977090,0.0,0,0.0,0,0,0,"{'open': 0.0, 'high': 0.0, 'low': 0.0, 'close': 1331.3}",-100.0,2024-07-29 09:15:07,0,2024-08-16 17:24:31
8,283249669,3124.35,0,0.0,0,0,0,"{'open': 0.0, 'high': 0.0, 'low': 0.0, 'close': 3124.35}",0.0,2024-02-08 00:00:00,0,2024-08-16 18:58:06
9,222096901,516.0,0,0.0,0,0,0,"{'open': 1690.05, 'high': 1690.05, 'low': 450.0, 'close': 1842.0}",-71.9869706840391,2024-08-16 15:29:58,24420,2024-08-16 18:58:12
10,11273474,101.4,0,0.0,0,0,0,"{'open': 0.0, 'high': 0.0, 'low': 0.0, 'close': 101.4}",0.0,2024-08-14 11:01:54,25,2024-08-16 17:24:33
11,14993154,0.0,0,0.0,0,0,0,"{'open': 0.0, 'high': 0.0, 'low': 0.0, 'close': 3597.55}",-100.0,2023-11-30 15:27:47,0,2024-08-16 17:24:12
12,283843589,1212.75,0,0.0,0,0,0,"{'open': 0.0, 'high': 0.0, 'low': 0.0, 'close': 1212.75}",0.0,2024-02-08 00:00:00,0,2024-08-16 18:58:06
13,283684101,2340.4,0,0.0,0,0,0,"{'open': 0.0, 'high': 0.0, 'low': 0.0, 'close': 2340.4}",0.0,2024-02-08 00:00:00,0,2024-08-16 18:58:15
14,22244610,0.0,0,0.0,0,0,0,"{'open': 0.05, 'high': 0.05, 'low': 0.05, 'close': 877.0}",-100.0,2024-05-30 12:21:19,0,2024-08-16 17:24:53
15,16500738,0.0,0,0.0,0,0,0,"{'open': 0.1, 'high': 0.15, 'low': 0.05, 'close': 206.25}",-100.0,2024-04-25 15:29:55,0,2024-08-16 17:24:51
16,17328130,0.0,0,0.0,0,0,0,"{'open': 0.0, 'high': 0.0, 'low': 0.0, 'close': 77.1}",-100.0,2024-04-24 15:29:53,0,2024-08-16 17:25:05
17,12041986,0.0,0,0.0,0,0,0,"{'open': 348.7, 'high': 367.0, 'low': 299.0, 'close': 169.15}",-100.0,2024-06-24 15:18:39,0,2024-08-16 17:24:39
18,283116293,5599.3,0,0.0,0,0,0,"{'open': 0.0, 'high': 0.0, 'low': 0.0, 'close': 5599.3}",0.0,2024-02-08 00:00:00,0,2024-08-16 18:58:11
19,226895877,5085.8,0,0.0,0,0,0,"{'open': 0.0, 'high': 0.0, 'low': 0.0, 'close': 5085.8}",0.0,2024-02-01 00:00:00,0,2024-08-16 18:58:06
20,220640517,3709.8,0,0.0,0,0,0,"{'open': 0.0, 'high': 0.0, 'low': 0.0, 'close': 3709.8}",0.0,2024-02-20 00:00:00,0,2024-08-16 18:58:10
21,14972930,6.45,0,0.0,0,0,0,"{'open': 10.0, 'high': 11.4, 'low': 5.1, 'close': 8.0}",-19.374999999999996,2024-08-16 15:29:58,489360,2024-08-16 17:24:12
22,10094850,0.0,0,0.0,0,0,0,"{'open': 0.05, 'high': 0.15, 'low': 0.05, 'close': 89.75}",-100.0,2024-07-29 15:25:01,0,2024-08-16 17:24:40
23,283974917,783.65,0,0.0,0,0,0,"{'open': 0.0, 'high': 0.0, 'low': 0.0, 'close': 783.65}",0.0,2024-02-08 00:00:00,0,2024-08-16 18:58:06
24,9396994,413.2,0,0.0,0,0,0,"{'open': 240.0, 'high': 421.65, 'low': 167.25, 'close': 160.5}",157.44548286604362,2024-08-16 15:29:58,904475,2024-08-16 17:24:58
25,10412802,0.0,0,0.0,0,0,0,"{'open': 465.35, 'high': 468.55, 'low': 340.8, 'close': 308.0}",-100.0,2024-01-11 15:29:07,0,2024-08-16 17:24:55
26,9430274,823.9,0,0.0,0,0,0,"{'open': 980.95, 'high': 985.0, 'low': 817.75, 'close': 1234.25}",-33.246911079602995,2024-08-16 15:26:46,1575,2024-08-16 17:24:58
27,18191874,0.0,0,0.0,0,0,0,"{'open': 0.0, 'high': 0.0, 'low': 0.0, 'close': 2444.55}",-100.0,2023-06-28 15:21:44,0,2024-08-16 17:24:43
28,283035397,3985.95,0,0.0,0,0,0,"{'open': 0.0, 'high': 0.0, 'low': 0.0, 'close': 3985.95}",0.0,2024-02-08 00:00:00,0,2024-08-16 18:58:12
29,14953218,25.0,0,0.0,0,0,0,"{'open': 107.35, 'high': 122.0, 'low': 22.95, 'close': 156.8}",-84.0561224489796,2024-08-16 15:29:59,390975,2024-08-16 17:24:12
30,13956866,279.6,0,0.0,0,0,0,"{'open': 375.05, 'high': 422.0, 'low': 273.05, 'close': 480.95}",-41.86505873791454,2024-08-16 15:29:54,14250,2024-08-16 17:25:08
31,216595461,13.25,0,0.0,0,0,0,"{'open': 0.0, 'high': 0.0, 'low': 0.0, 'close': 13.25}",0.0,2024-02-20 00:00:00,0,2024-08-16 18:58:15
32,216386821,19.25,0,0.0,0,0,0,"{'open': 0.0, 'high': 790.8, 'low': 342.55, 'close': 19.25}",0.0,2024-02-20 00:00:00,2440,2024-08-16 18:58:16
33,11896834,116.35,0,0.0,0,0,0,"{'open': 207.45, 'high': 281.3, 'low': 116.35, 'close': 327.4}",-64.46243127672572,2024-08-16 15:29:56,48780,2024-08-16 17:24:14
34,11286786,0.0,0,0.0,0,0,0,"{'open': 0.0, 'high': 0.0, 'low': 0.0, 'close': 2539.2}",-100.0,2024-06-18 09:45:55,0,2024-08-16 17:24:35
35,14240258,10.7,0,0.0,0,0,0,"{'open': 15.0, 'high': 15.0, 'low': 7.0, 'close': 90.6}",-88.18984547461368,2024-08-16 15:28:07,200,2024-08-16 17:24:31
36,14332674,0.0,0,0.0,0,0,0,"{'open': 0.2, 'high': 1.0, 'low': 0.05, 'close': 140.7}",-100.0,2023-08-31 15:12:59,0,2024-08-16 17:24:48
37,12190210,244.75,0,0.0,0,0,0,"{'open': 460.0, 'high': 537.3, 'low': 243.8, 'close': 578.1}",-57.66303407714928,2024-08-16 15:29:45,60000,2024-08-16 17:24:14
38,19130114,1660.0,0,0.0,0,0,0,"{'open': 0.0, 'high': 0.0, 'low': 0.0, 'close': 1660.0}",0.0,2024-08-06 14:48:15,1325,2024-08-16 17:25:00
39,9370882,6.25,0,0.0,0,0,0,"{'open': 15.4, 'high': 15.6, 'low': 5.65, 'close': 27.15}",-76.97974217311234,2024-08-16 15:29:59,5133675,2024-08-16 17:24:57
40,215813125,3855.2,0,0.0,0,0,0,"{'open': 0.0, 'high': 0.0, 'low': 0.0, 'close': 3855.2}",0.0,2024-02-20 00:00:00,0,2024-08-16 18:58:06
41,222133509,268.15,0,0.0,0,0,0,"{'open': 0.0, 'high': 0.0, 'low': 0.0, 'close': 268.15}",0.0,2023-11-23 00:00:00,0,2024-08-16 18:58:13
42,284076805,1074.15,0,0.0,0,0,0,"{'open': 0.0, 'high': 0.0, 'low': 0.0, 'close': 1074.15}",0.0,2023-10-26 00:00:00,0,2024-08-16 18:58:16
43,16097282,915.05,0,0.0,0,0,0,"{'open': 1109.0, 'high': 1144.0, 'low': 913.45, 'close': 1224.55}",-25.274590665958925,2024-08-16 15:29:53,31000,2024-08-16 17:25:10
44,9434882,921.35,0,0.0,0,0,0,"{'open': 1129.95, 'high': 1262.75, 'low': 913.95, 'close': 1322.25}",-30.319531102287765,2024-08-16 15:29:53,20200,2024-08-16 17:24:58
45,14375170,0.0,0,0.0,0,0,0,"{'open': 0.25, 'high': 0.25, 'low': 0.05, 'close': 778.1}",-100.0,2024-07-25 14:24:31,0,2024-08-16 17:24:49
46,216274181,2332.95,0,0.0,0,0,0,"{'open': 0.0, 'high': 2.0, 'low': 0.05, 'close': 2332.95}",0.0,2024-02-20 00:00:00,68780,2024-08-16 18:58:12
47,18416898,0.0,0,0.0,0,0,0,"{'open': 0.0, 'high': 0.0, 'low': 0.0, 'close': 349.5}",-100.0,2021-02-25 11:00:25,0,2024-08-16 17:24:44
48,13591042,0.0,0,0.0,0,0,0,"{'open': 0.15, 'high': 0.15, 'low': 0.05, 'close': 359.85}",-100.0,2024-08-12 15:17:33,0,2024-08-16 17:24:37
49,11241730,0.0,0,0.0,0,0,0,"{'open': 0.0, 'high': 0.0, 'low': 0.0, 'close': 1238.2}",-100.0,2024-08-01 11:12:29,0,2024-08-16 17:24:35
50,222110213,2701.55,0,0.0,0,0,0,"{'open': 0.0, 'high': 0.0, 'low': 0.0, 'close': 2701.55}",0.0,2023-11-23 00:00:00,0,2024-08-16 18:58:06
51,11431426,0.0,0,0.0,0,0,0,"{'open': 0.0, 'high': 0.0, 'low': 0.0, 'close': 1420.45}",-100.0,2024-08-13 15:28:02,2950,2024-08-16 17:24:21
52,15587074,0.0,0,0.0,0,0,0,"{'open': 0.0, 'high': 0.0, 'low': 0.0, 'close': 182.9}",-100.0,2024-04-19 13:59:59,0,2024-08-16 17:24:46
53,18201090,0.0,0,0.0,0,0,0,"{'open': 0.05, 'high': 0.05, 'low': 0.05, 'close': 26.45}",-100.0,2024-04-25 10:15:00,0,2024-08-16 17:24:43
54,11280642,0.0,0,0.0,0,0,0,"{'open': 10.0, 'high': 23.95, 'low': 0.05, 'close': 164.3}",-100.0,2024-07-22 15:29:53,0,2024-08-16 17:24:33
55,12401666,0.0,0,0.0,0,0,0,"{'open': 0.0, 'high': 0.0, 'low': 0.0, 'close': 1679.35}",-100.0,2024-08-06 12:58:11,0,2024-08-16 17:24:19
56,14782722,0.0,0,0.0,0,0,0,"{'open': 0.0, 'high': 0.0, 'low': 0.0, 'close': 937.9}",-100.0,2023-03-29 15:27:39,0,2024-08-16 17:24:42
57,216229893,2434.5,0,0.0,0,0,0,"{'open': 0.0, 'high': 0.0, 'low': 0.0, 'close': 2434.5}",0.0,2024-02-15 00:00:00,0,2024-08-16 18:58:10
58,16561154,380.0,0,0.0,0,0,0,"{'open': 0.0, 'high': 0.0, 'low': 0.0, 'close': 380.0}",0.0,2024-08-13 11:02:18,50,2024-08-16 17:24:51
59,13173506,0.0,0,0.0,0,0,0,"{'open': 0.0, 'high': 0.0, 'low': 0.0, 'close': 299.9}",-100.0,2024-06-24 15:29:28,0,2024-08-16 17:24:39
60,14509314,5.75,0,0.0,0,0,0,"{'open': 3.1, 'high': 5.75, 'low': 2.6, 'close': 4.0}",43.75,2024-08-16 15:29:34,52375,2024-08-16 17:24:59
61,12858882,0.0,0,0.0,0,0,0,"{'open': 2067.3, 'high': 2500.0, 'low': 2039.1, 'close': 1288.05}",-100.0,2024-08-07 15:29:03,0,2024-08-16 17:25:04
62,14364418,0.0,0,0.0,0,0,0,"{'open': 0.1, 'high': 0.1, 'low': 0.05, 'close': 463.2}",-100.0,2024-07-09 15:23:48,0,2024-08-16 17:24:49
63,19095810,1090.2,0,0.0,0,0,0,"{'open': 960.0, 'high': 1090.2, 'low': 960.0, 'close': 790.0}",38.00000000000001,2024-08-16 13:50:18,8475,2024-08-16 17:25:00
64,10003970,0.0,0,0.0,0,0,0,"{'open': 0.0, 'high': 0.0, 'low': 0.0, 'close': 103.95}",-100.0,2023-12-13 15:29:46,0,2024-08-16 17:24:55
65,19110914,370.0,0,0.0,0,0,0,"{'open': 225.0, 'high': 373.8, 'low': 182.85, 'close': 171.45}",115.80635753864101,2024-08-16 15:29:53,120750,2024-08-16 17:25:00
66,14961666,337.95,0,0.0,0,0,0,"{'open': 209.95, 'high': 436.55, 'low': 130.2, 'close': 162.0}",108.61111111111111,2024-08-16 15:29:59,1715475,2024-08-16 17:24:12
67,285253381,4412.05,0,0.0,0,0,0,"{'open': 0.0, 'high': 0.0, 'low': 0.0, 'close': 4412.05}",0.0,2024-02-20 00:00:00,0,2024-08-16 18:58:13
68,283452933,6463.0,0,0.0,0,0,0,"{'open': 0.0, 'high': 0.0, 'low': 0.0, 'close': 6463.0}",0.0,2024-02-08 00:00:00,0,2024-08-16 18:58:16
69,11289346,0.0,0,0.0,0,0,0,"{'open': 0.0, 'high': 0.0, 'low': 0.0, 'close': 2633.95}",-100.0,2024-01-24 12:12:38,0,2024-08-16 17:24:35
70,216538373,2592.95,0,0.0,0,0,0,"{'open': 0.0, 'high': 0.0, 'low': 0.0, 'close': 2592.95}",0.0,2024-02-15 00:00:00,0,2024-08-16 18:58:06
71,11117314,0.0,0,0.0,0,0,0,"{'open': 0.0, 'high': 0.0, 'low': 0.0, 'close': 1819.2}",-100.0,2024-05-30 15:23:02,0,2024-08-16 17:24:45
72,216489733,3538.2,0,0.0,0,0,0,"{'open': 0.0, 'high': 0.2, 'low': 0.05, 'close': 3538.2}",0.0,2024-02-15 00:00:00,400,2024-08-16 18:58:13
73,13722626,169.0,0,0.0,0,0,0,"{'open': 0.0, 'high': 0.0, 'low': 0.0, 'close': 169.0}",0.0,2024-08-07 14:58:21,10100,2024-08-16 17:25:14
74,14776322,0.25,0,0.0,0,0,0,"{'open': 0.85, 'high': 1.5, 'low': 0.2, 'close': 0.95}",-73.6842105263158,2024-08-16 15:29:55,1031300,2024-08-16 17:24:42
75,216683269,8.15,0,0.0,0,0,0,"{'open': 0.0, 'high': 0.0, 'low': 0.0, 'close': 8.15}",0.0,2024-02-15 00:00:00,0,2024-08-16 18:58:10
76,15234050,0.0,0,0.0,0,0,0,"{'open': 0.0, 'high': 0.0, 'low': 0.0, 'close': 2391.55}",-100.0,2022-03-31 15:18:31,0,2024-08-16 17:25:08
77,283936517,3235.2,0,0.0,0,0,0,"{'open': 0.0, 'high': 0.0, 'low': 0.0, 'close': 3235.2}",0.0,2024-02-08 00:00:00,0,2024-08-16 18:58:06
78,15125250,3.1,0,0.0,0,0,0,"{'open': 9.5, 'high': 9.5, 'low': 2.3, 'close': 15.85}",-80.4416403785489,2024-08-16 15:29:56,155375,2024-08-16 17:24:29
79,296615173,799.95,0,0.0,0,0,0,"{'open': 0.0, 'high': 0.0, 'low': 0.0, 'close': 799.95}",0.0,2023-12-14 00:00:00,0,2024-08-16 18:58:13
80,282974213,2172.2,0,0.0,0,0,0,"{'open': 0.0, 'high': 0.0, 'low': 0.0, 'close': 2172.2}",0.0,2024-02-08 00:00:00,0,2024-08-16 18:58:13
81,15134466,6.7,0,0.0,0,0,0,"{'open': 25.0, 'high': 43.9, 'low': 6.35, 'close': 62.2}",-89.22829581993568,2024-08-16 15:29:59,199450,2024-08-16 17:24:29
82,15611394,0.0,0,0.0,0,0,0,"{'open': 0.0, 'high': 0.0, 'low': 0.0, 'close': 419.9}",-100.0,2024-05-14 12:43:33,0,2024-08-16 17:24:46
83,14746370,1.2,0,0.0,0,0,0,"{'open': 13.4, 'high': 13.4, 'low': 1.1, 'close': 18.25}",-93.42465753424658,2024-08-16 15:29:57,1485800,2024-08-16 17:24:42
84,15149058,1.4,0,0.0,0,0,0,"{'open': 2.55, 'high': 3.2, 'low': 1.0, 'close': 2.1}",-33.333333333333336,2024-08-16 15:29:55,100675,2024-08-16 17:24:29
85,282037253,2719.65,0,0.0,0,0,0,"{'open': 0.0, 'high': 0.0, 'low': 0.0, 'close': 2719.65}",0.0,2024-01-25 00:00:00,0,2024-08-16 18:58:06
86,12378114,0.0,0,0.0,0,0,0,"{'open': 0.0, 'high': 0.0, 'low': 0.0, 'close': 21.5}",-100.0,2024-02-23 15:29:33,0,2024-08-16 17:24:43
87,15160066,0.0,0,0.0,0,0,0,"{'open': 0.0, 'high': 0.0, 'low': 0.0, 'close': 1234.8}",-100.0,2024-01-25 15:28:27,0,2024-08-16 17:24:29
88,10113794,0.0,0,0.0,0,0,0,"{'open': 2.7, 'high': 2.7, 'low': 0.05, 'close': 751.95}",-100.0,2024-07-29 15:28:31,0,2024-08-16 17:24:40
89,10219010,0.0,0,0.0,0,0,0,"{'open': 0.7, 'high': 1.05, 'low': 0.05, 'close': 139.6}",-100.0,2023-11-22 15:28:00,0,2024-08-16 17:24:55
90,221683973,1.45,0,0.0,0,0,0,"{'open': 0.0, 'high': 1251.75, 'low': 601.15, 'close': 1.45}",0.0,2024-01-04 00:00:00,980,2024-08-16 18:58:10
91,18244354,0.0,0,0.0,0,0,0,"{'open': 0.0, 'high': 0.0, 'low': 0.0, 'close': 920.85}",-100.0,2024-04-25 15:29:35,0,2024-08-16 17:24:44
92,12098306,0.0,0,0.0,0,0,0,"{'open': 0.5, 'high': 0.5, 'low': 0.05, 'close': 2005.0}",-100.0,2024-01-25 15:25:13,0,2024-08-16 17:24:33
93,14117634,0.0,0,0.0,0,0,0,"{'open': 0.0, 'high': 0.0, 'low': 0.0, 'close': 188.4}",-100.0,2024-05-27 15:18:43,0,2024-08-16 17:24:30
94,10099202,0.0,0,0.0,0,0,0,"{'open': 0.2, 'high': 0.3, 'low': 0.05, 'close': 175.95}",-100.0,2024-07-29 15:26:48,0,2024-08-16 17:24:40
95,15037698,0.0,0,0.0,0,0,0,"{'open': 0.0, 'high': 0.0, 'low': 0.0, 'close': 7228.1}",-100.0,2024-05-30 15:28:56,0,2024-08-16 17:24:13
96,216586245,6511.5,0,0.0,0,0,0,"{'open': 0.0, 'high': 0.0, 'low': 0.0, 'close': 6511.5}",0.0,2024-02-15 00:00:00,0,2024-08-16 18:58:13
97,15546370,0.0,0,0.0,0,0,0,"{'open': 25.0, 'high': 31.75, 'low': 21.0, 'close': 21.7}",-100.0,2024-05-30 13:01:05,0,2024-08-16 17:24:46
98,14960898,393.85,0,0.0,0,0,0,"{'open': 249.95, 'high': 499.5, 'low': 156.25, 'close': 192.35}",104.75695347023657,2024-08-16 15:29:59,374175,2024-08-16 17:24:12
99,300948741,436.55,0,0.0,0,0,0,"{'open': 0.0, 'high': 0.0, 'low': 0.0, 'close': 436.55}",0.0,2023-08-03 00:00:00,0,2024-08-16 18:58:15
100,12444162,0.0,0,0.0,0,0,0,"{'open': 0.0, 'high': 0.0, 'low': 0.0, 'close': 740.45}",-100.0,2024-01-02 15:06:23,0,2024-08-16 17:25:04
101,9329154,2.65,0,0.0,0,0,0,"{'open': 2.8, 'high': 2.95, 'low': 0.85, 'close': 2.7}",-1.8518518518518616,2024-08-16 15:29:58,795550,2024-08-16 17:24:57
102,283120645,898.4,0,0.0,0,0,0,"{'open': 0.0, 'high': 0.0, 'low': 0.0, 'close': 898.4}",0.0,2024-02-08 00:00:00,0,2024-08-16 18:58:06
103,12853250,0.0,0,0.0,0,0,0,"{'open': 1600.0, 'high': 1951.2, 'low': 1437.15, 'close': 1053.65}",-100.0,2024-08-07 15:29:59,0,2024-08-16 17:25:04
104,12350978,0.0,0,0.0,0,0,0,"{'open': 0.1, 'high': 0.1, 'low': 0.05, 'close': 256.75}",-100.0,2024-06-24 15:25:02,0,2024-08-16 17:24:39
105,296612869,255.1,0,0.0,0,0,0,"{'open': 0.0, 'high': 0.0, 'low': 0.0, 'close': 255.1}",0.0,2023-12-14 00:00:00,0,2024-08-16 18:58:12
106,17374978,0.0,0,0.0,0,0,0,"{'open': 0.0, 'high': 0.0, 'low': 0.0, 'close': 113.85}",-100.0,2022-11-24 15:09:38,0,2024-08-16 17:25:06
107,222361093,48.55,0,0.0,0,0,0,"{'open': 0.0, 'high': 0.0, 'low': 0.0, 'close': 48.55}",0.0,2023-11-23 00:00:00,0,2024-08-16 18:58:06
108,13590530,0.0,0,0.0,0,0,0,"{'open': 0.2, 'high': 0.2, 'low': 0.05, 'close': 341.45}",-100.0,2024-08-12 15:17:18,0,2024-08-16 17:24:37
109,14725890,0.1,0,0.0,0,0,0,"{'open': 0.35, 'high': 0.4, 'low': 0.1, 'close': 0.45}",-77.77777777777777,2024-08-16 15:29:55,24950,2024-08-16 17:24:41
110,282665221,70.1,0,0.0,0,0,0,"{'open': 0.0, 'high': 0.0, 'low': 0.0, 'close': 70.1}",0.0,2024-02-01 00:00:00,0,2024-08-16 18:58:11
111,18220290,0.0,0,0.0,0,0,0,"{'open': 0.0, 'high': 0.0, 'low': 0.0, 'close': 1365.45}",-100.0,2023-10-26 14:54:48,0,2024-08-16 17:24:43
112,288415749,334.3,0,0.0,0,0,0,"{'open': 0.0, 'high': 15.0, 'low': 0.1, 'close': 334.3}",0.0,2023-12-28 00:00:00,443380,2024-08-16 18:58:10
113,283898885,561.9,0,0.0,0,0,0,"{'open': 0.0, 'high': 0.0, 'low': 0.0, 'close': 561.9}",0.0,2024-02-08 00:00:00,0,2024-08-16 18:58:15
114,222104325,2016.3,0,0.0,0,0,0,"{'open': 0.0, 'high': 2500.0, 'low': 2500.0, 'close': 2016.3}",0.0,2024-03-05 15:06:51,0,2024-08-16 18:58:06
115,9387778,596.0,0,0.0,0,0,0,"{'open': 412.0, 'high': 605.85, 'low': 298.4, 'close': 282.05}",111.31005140932459,2024-08-16 15:29:58,610200,2024-08-16 17:24:58
116,15153922,0.0,0,0.0,0,0,0,"{'open': 0.0, 'high': 0.0, 'low': 0.0, 'close': 828.85}",-100.0,2023-12-29 09:37:32,0,2024-08-16 17:24:29
117,301218053,52.7,0,0.0,0,0,0,"{'open': 0.0, 'high': 0.0, 'low': 0.0, 'close': 52.7}",0.0,2023-10-19 00:00:00,0,2024-08-16 18:58:12
118,222027781,5034.95,0,0.0,0,0,0,"{'open': 0.0, 'high': 0.0, 'low': 0.0, 'close': 5034.95}",0.0,2023-11-23 00:00:00,0,2024-08-16 18:58:10
119,16650242,0.0,0,0.0,0,0,0,"{'open': 0.4, 'high': 0.4, 'low': 0.05, 'close': 1289.1}",-100.0,2024-07-25 15:29:40,0,2024-08-16 17:24:51
120,9877762,82.05,0,0.0,0,0,0,"{'open': 83.65, 'high': 83.65, 'low': 82.05, 'close': 134.05}",-38.79149571055577,2024-08-16 09:47:55,50,2024-08-16 17:25:01
121,221402885,2770.2,0,0.0,0,0,0,"{'open': 0.0, 'high': 0.0, 'low': 0.0, 'close': 2770.2}",0.0,2023-11-16 00:00:00,0,2024-08-16 18:58:11
122,9419010,340.0,0,0.0,0,0,0,"{'open': 593.15, 'high': 680.0, 'low': 333.0, 'close': 731.45}",-53.516986807027145,2024-08-16 15:29:56,76950,2024-08-16 17:24:58
123,10998530,50.25,0,0.0,0,0,0,"{'open': 110.0, 'high': 129.15, 'low': 50.25, 'close': 160.7}",-68.73055382700684,2024-08-16 15:29:45,13605,2024-08-16 17:24:14
124,10993666,2651.4,0,0.0,0,0,0,"{'open': 2344.0, 'high': 2750.0, 'low': 2050.0, 'close': 2061.3}",28.627565128802207,2024-08-16 15:29:30,52380,2024-08-16 17:24:14
125,13537794,12741.0,0,0.0,0,0,0,"{'open': 12627.6, 'high': 12750.4, 'low': 12558.45, 'close': 12543.95}",1.5708767971811053,2024-08-16 15:29:58,2277700,2024-08-16 16:50:29
126,222912261,3940.2,0,0.0,0,0,0,"{'open': 0.0, 'high': 0.0, 'low': 0.0, 'close': 3940.2}",0.0,2024-02-20 00:00:00,0,2024-08-16 18:58:12
127,15023618,0.0,0,0.0,0,0,0,"{'open': 0.0, 'high': 0.0, 'low': 0.0, 'close': 5800.85}",-100.0,2024-04-22 15:29:33,0,2024-08-16 17:24:12
128,12340994,6.15,0,0.0,0,0,0,"{'open': 8.0, 'high': 8.55, 'low': 5.45, 'close': 7.75}",-20.645161290322577,2024-08-16 15:29:46,302595,2024-08-16 17:24:14
129,227442693,6068.95,0,0.0,0,0,0,"{'open': 0.0, 'high': 0.0, 'low': 0.0, 'close': 6068.95}",0.0,2024-02-01 00:00:00,0,2024-08-16 18:58:15
130,220434181,4049.5,0,0.0,0,0,0,"{'open': 0.0, 'high': 0.0, 'low': 0.0, 'close': 4049.5}",0.0,2023-12-28 00:00:00,0,2024-08-16 18:58:10
131,13172482,0.0,0,0.0,0,0,0,"{'open': 0.0, 'high': 0.0, 'low': 0.0, 'close': 3065.6}",-100.0,2021-06-17 15:29:57,0,2024-08-16 17:25:13
132,11449346,0.0,0,0.0,0,0,0,"{'open': 886.8, 'high': 1074.7, 'low': 886.8, 'close': 1043.45}",-100.0,2024-08-13 10:26:09,200,2024-08-16 17:24:21
133,16112642,0.0,0,0.0,0,0,0,"{'open': 0.0, 'high': 0.0, 'low': 0.0, 'close': 2070.0}",-100.0,2024-01-24 13:15:52,0,2024-08-16 17:25:11
134,11134466,0.0,0,0.0,0,0,0,"{'open': 0.0, 'high': 0.0, 'low': 0.0, 'close': 303.35}",-100.0,2024-05-08 15:23:31,0,2024-08-16 17:24:18
135,282368261,701.8,0,0.0,0,0,0,"{'open': 0.0, 'high': 0.0, 'low': 0.0, 'close': 701.8}",0.0,2024-02-01 00:00:00,0,2024-08-16 18:58:06
136,215790597,1754.6,0,0.0,0,0,0,"{'open': 0.0, 'high': 0.0, 'low': 0.0, 'close': 1754.6}",0.0,2024-02-20 00:00:00,0,2024-08-16 18:58:15
137,12366594,0.0,0,0.0,0,0,0,"{'open': 0.0, 'high': 0.0, 'low': 0.0, 'close': 1076.7}",-100.0,2024-02-26 09:28:07,0,2024-08-16 17:24:28
138,216246533,2283.2,0,0.0,0,0,0,"{'open': 0.0, 'high': 0.0, 'low': 0.0, 'close': 2283.2}",0.0,2024-02-15 00:00:00,0,2024-08-16 18:58:16
139,11170306,0.0,0,0.0,0,0,0,"{'open': 0.0, 'high': 0.0, 'low': 0.0, 'close': 118.3}",-100.0,2024-08-05 15:29:54,0,2024-08-16 17:24:35
140,14755842,116.0,0,0.0,0,0,0,"{'open': 70.0, 'high': 145.0, 'low': 49.35, 'close': 53.35}",117.43205248359887,2024-08-16 15:29:59,156800,2024-08-16 17:24:42
141,10104066,0.0,0,0.0,0,0,0,"{'open': 0.25, 'high': 0.35, 'low': 0.05, 'close': 290.85}",-100.0,2024-07-29 15:28:55,0,2024-08-16 17:24:40
142,283728901,2785.4,0,0.0,0,0,0,"{'open': 0.0, 'high': 0.0, 'low': 0.0, 'close': 2785.4}",0.0,2024-02-08 00:00:00,0,2024-08-16 18:58:15
143,283880197,1925.05,0,0.0,0,0,0,"{'open': 0.0, 'high': 0.0, 'low': 0.0, 'close': 1925.05}",0.0,2024-02-08 00:00:00,0,2024-08-16 18:58:06
144,9336066,2.6,0,0.0,0,0,0,"{'open': 2.8, 'high': 2.8, 'low': 1.2, 'close': 2.95}",-11.864406779661019,2024-08-16 15:29:59,2519125,2024-08-16 17:24:57
145,221475333,10.1,0,0.0,0,0,0,"{'open': 69.6, 'high': 80.85, 'low': 7.05, 'close': 145.05}",-93.03688383316099,2024-08-16 15:29:59,33840,2024-08-16 18:58:06
146,12368898,0.0,0,0.0,0,0,0,"{'open': 0.0, 'high': 0.0, 'low': 0.0, 'close': 1802.05}",-100.0,2024-02-26 09:59:08,0,2024-08-16 17:24:28
147,225454597,5216.95,0,0.0,0,0,0,"{'open': 0.0, 'high': 0.0, 'low': 0.0, 'close': 5216.95}",0.0,2023-12-07 00:00:00,0,2024-08-16 18:58:12
148,283076357,3752.65,0,0.0,0,0,0,"{'open': 0.0, 'high': 0.0, 'low': 0.0, 'close': 3752.65}",0.0,2024-02-08 00:00:00,0,2024-08-16 18:58:13
149,222196229,2783.15,0,0.0,0,0,0,"{'open': 0.0, 'high': 0.0, 'low': 0.0, 'close': 2783.15}",0.0,2023-11-23 00:00:00,0,2024-08-16 18:58:11
150,9864194,30.3,0,0.0,0,0,0,"{'open': 33.0, 'high': 33.0, 'low': 30.3, 'close': 32.0}",-5.312499999999998,2024-08-16 14:33:59,1950,2024-08-16 17:25:01
151,283933701,355.9,0,0.0,0,0,0,"{'open': 0.0, 'high': 0.0, 'low': 0.0, 'close': 355.9}",0.0,2024-02-08 00:00:00,0,2024-08-16 18:58:06
152,221553925,1.2,0,0.0,0,0,0,"{'open': 4.7, 'high': 4.95, 'low': 0.75, 'close': 47.15}",-97.45493107104984,2024-08-16 15:29:53,64980,2024-08-16 18:58:12
153,283244805,5158.05,0,0.0,0,0,0,"{'open': 0.0, 'high': 0.0, 'low': 0.0, 'close': 5158.05}",0.0,2024-01-25 00:00:00,0,2024-08-16 18:58:06
154,222169093,27.85,0,0.0,0,0,0,"{'open': 71.0, 'high': 71.0, 'low': 10.1, 'close': 116.15}",-76.02238484718038,2024-08-16 15:29:58,20010,2024-08-16 18:58:06
155,291623941,3898.1,0,0.0,0,0,0,"{'open': 0.0, 'high': 0.0, 'low': 0.0, 'close': 3898.1}",0.0,2024-02-20 00:00:00,0,2024-08-16 18:58:12
156,19126786,13.0,0,0.0,0,0,0,"{'open': 9.0, 'high': 13.0, 'low': 7.0, 'close': 8.2}",58.53658536585367,2024-08-16 15:29:53,120475,2024-08-16 17:25:00
157,14245378,0.0,0,0.0,0,0,0,"{'open': 0.0, 'high': 0.0, 'low': 0.0, 'close': 91.7}",-100.0,2024-05-27 15:29:53,0,2024-08-16 17:24:31
158,222167301,134.65,0,0.0,0,0,0,"{'open': 0.0, 'high': 0.0, 'low': 0.0, 'close': 134.65}",0.0,2023-11-23 00:00:00,0,2024-08-16 18:58:13
159,12315394,33.0,0,0.0,0,0,0,"{'open': 33.0, 'high': 43.85, 'low': 21.25, 'close': 25.85}",27.6595744680851,2024-08-16 15:29:45,48045,2024-08-16 17:24:14
160,216592389,6350.0,0,0.0,0,0,0,"{'open': 0.0, 'high': 1135.0, 'low': 1007.85, 'close': 6350.0}",0.0,2024-02-20 00:00:00,190,2024-08-16 18:58:06
161,10961154,9.55,0,0.0,0,0,0,"{'open': 0.0, 'high': 0.0, 'low': 0.0, 'close': 9.55}",0.0,2024-08-14 14:04:19,810,2024-08-16 17:24:13
162,10098434,0.0,0,0.0,0,0,0,"{'open': 0.3, 'high': 0.55, 'low': 0.05, 'close': 160.8}",-100.0,2024-07-29 15:25:01,0,2024-08-16 17:24:40
163,15600642,0.0,0,0.0,0,0,0,"{'open': 0.05, 'high': 0.05, 'low': 0.05, 'close': 296.65}",-100.0,2023-11-30 11:27:07,0,2024-08-16 17:24:46
164,10469378,0.0,0,0.0,0,0,0,"{'open': 0.0, 'high': 0.0, 'low': 0.0, 'close': 277.15}",-100.0,2024-08-07 15:29:56,0,2024-08-16 17:25:03
165,14254082,0.0,0,0.0,0,0,0,"{'open': 0.0, 'high': 0.0, 'low': 0.0, 'close': 1638.65}",-100.0,2024-05-27 15:29:59,0,2024-08-16 17:24:43
166,15163906,0.35,0,0.0,0,0,0,"{'open': 0.8, 'high': 0.9, 'low': 0.35, 'close': 0.65}",-46.15384615384616,2024-08-16 15:29:46,15650,2024-08-16 17:24:29
167,10427906,0.0,0,0.0,0,0,0,"{'open': 0.0, 'high': 0.0, 'low': 0.0, 'close': 811.5}",-100.0,2024-04-08 14:22:47,0,2024-08-16 17:25:02
168,215870981,650.0,0,0.0,0,0,0,"{'open': 1129.95, 'high': 1129.95, 'low': 650.0, 'close': 1698.35}",-61.72755910148084,2024-08-16 15:04:27,40,2024-08-16 18:58:10
169,221141253,4270.6,0,0.0,0,0,0,"{'open': 0.0, 'high': 0.0, 'low': 0.0, 'close': 4270.6}",0.0,2023-12-14 00:00:00,0,2024-08-16 18:58:12
170,216263685,2137.7,0,0.0,0,0,0,"{'open': 0.0, 'high': 849.0, 'low': 388.0, 'close': 2137.7}",0.0,2024-02-20 00:00:00,1060,2024-08-16 18:58:12
171,221728005,2020.45,0,0.0,0,0,0,"{'open': 2020.45, 'high': 2020.45, 'low': 2020.45, 'close': 1348.95}",49.779458097038436,2024-08-16 14:20:30,15,2024-08-16 18:58:12
172,216515077,4397.6,0,0.0,0,0,0,"{'open': 0.0, 'high': 0.0, 'low': 0.0, 'close': 4397.6}",0.0,2024-02-20 00:00:00,0,2024-08-16 18:58:13
173,10801666,257.7,0,0.0,0,0,0,"{'open': 454.95, 'high': 454.95, 'low': 250.75, 'close': 510.0}",-49.470588235294116,2024-08-16 15:29:45,9875,2024-08-16 17:25:03
174,282067461,2450.2,0,0.0,0,0,0,"{'open': 0.0, 'high': 0.0, 'low': 0.0, 'close': 2450.2}",0.0,2024-01-25 00:00:00,0,2024-08-16 18:58:06
175,13272578,0.0,0,0.0,0,0,0,"{'open': 0.0, 'high': 0.0, 'low': 0.0, 'close': 75.5}",-100.0,2023-06-28 09:39:13,0,2024-08-16 17:24:30
176,15128834,3.6,0,0.0,0,0,0,"{'open': 12.85, 'high': 12.85, 'low': 2.85, 'close': 21.1}",-82.93838862559241,2024-08-16 15:29:58,1138400,2024-08-16 17:24:29
177,221945349,0.05,0,0.0,0,0,0,"{'open': 0.0, 'high': 0.0, 'low': 0.0, 'close': 0.05}",0.0,2023-11-23 00:00:00,0,2024-08-16 18:58:12
178,9870594,34.6,0,0.0,0,0,0,"{'open': 43.6, 'high': 60.5, 'low': 32.05, 'close': 79.1}",-56.25790139064475,2024-08-16 15:29:46,8625,2024-08-16 17:25:01
179,300767749,100.15,0,0.0,0,0,0,"{'open': 0.0, 'high': 0.0, 'low': 0.0, 'close': 100.15}",0.0,2023-06-28 00:00:00,0,2024-08-16 18:58:10
180,226678533,4629.8,0,0.0,0,0,0,"{'open': 0.0, 'high': 0.0, 'low': 0.0, 'close': 4629.8}",0.0,2024-02-01 00:00:00,0,2024-08-16 18:58:06
181,10333698,0.0,0,0.0,0,0,0,"{'open': 0.0, 'high': 0.0, 'low': 0.0, 'close': 243.7}",-100.0,2024-06-27 09:15:59,0,2024-08-16 17:24:55
182,226914053,4450.5,0,0.0,0,0,0,"{'open': 0.0, 'high': 0.0, 'low': 0.0, 'close': 4450.5}",0.0,2024-02-01 00:00:00,0,2024-08-16 18:58:13
183,18469378,65.4,0,0.0,0,0,0,"{'open': 0.0, 'high': 0.0, 'low': 0.0, 'close': 65.4}",0.0,2024-08-14 11:49:40,150,2024-08-16 17:24:44
184,11371522,0.0,0,0.0,0,0,0,"{'open': 273.6, 'high': 391.9, 'low': 178.05, 'close': 1331.6}",-100.0,2024-06-20 15:29:56,0,2024-08-16 17:24:56
185,14797826,0.0,0,0.0,0,0,0,"{'open': 0.0, 'high': 0.0, 'low': 0.0, 'close': 1497.75}",-100.0,2024-05-30 15:29:47,0,2024-08-16 17:24:42
186,10317570,478.25,0,0.0,0,0,0,"{'open': 0.0, 'high': 0.0, 'low': 0.0, 'close': 478.25}",0.0,2024-08-08 09:56:12,45,2024-08-16 17:24:23
187,216274949,918.35,0,0.0,0,0,0,"{'open': 0.0, 'high': 0.0, 'low': 0.0, 'close': 918.35}",0.0,2024-02-20 00:00:00,0,2024-08-16 18:58:12
188,282407941,770.75,0,0.0,0,0,0,"{'open': 0.0, 'high': 0.0, 'low': 0.0, 'close': 770.75}",0.0,2023-08-31 00:00:00,0,2024-08-16 18:58:13
189,11042306,0.0,0,0.0,0,0,0,"{'open': 0.0, 'high': 0.0, 'low': 0.0, 'close': 1870.85}",-100.0,2024-04-25 09:53:53,0,2024-08-16 17:24:26
190,301220613,240.85,0,0.0,0,0,0,"{'open': 0.0, 'high': 0.0, 'low': 0.0, 'close': 240.85}",0.0,2023-11-30 00:00:00,0,2024-08-16 18:58:12
191,282858501,3417.3,0,0.0,0,0,0,"{'open': 0.0, 'high': 0.0, 'low': 0.0, 'close': 3417.3}",0.0,2024-02-08 00:00:00,0,2024-08-16 18:58:12
192,222083589,510.9,0,0.0,0,0,0,"{'open': 0.0, 'high': 0.0, 'low': 0.0, 'close': 510.9}",0.0,2023-11-23 00:00:00,0,2024-08-16 18:58:12
193,16477186,0.0,0,0.0,0,0,0,"{'open': 1687.25, 'high': 1698.5, 'low': 1687.25, 'close': 99.8}",-100.0,2023-10-31 15:10:06,0,2024-08-16 17:24:50
194,12443138,301.65,0,0.0,0,0,0,"{'open': 405.25, 'high': 480.2, 'low': 289.15, 'close': 543.45}",-44.49351366271047,2024-08-16 15:29:32,4325,2024-08-16 17:25:03
195,14513410,5.65,0,0.0,0,0,0,"{'open': 4.6, 'high': 5.8, 'low': 3.05, 'close': 5.9}",-4.23728813559322,2024-08-16 15:29:50,64100,2024-08-16 17:24:59
196,14738434,0.3,0,0.0,0,0,0,"{'open': 0.55, 'high': 1.5, 'low': 0.3, 'close': 3.1}",-90.32258064516128,2024-08-16 15:29:46,18350,2024-08-16 17:24:42
197,216149765,2374.5,0,0.0,0,0,0,"{'open': 0.0, 'high': 0.0, 'low': 0.0, 'close': 2374.5}",0.0,2024-02-20 00:00:00,0,2024-08-16 18:58:16
198,288157445,401.45,0,0.0,0,0,0,"{'open': 0.0, 'high': 0.0, 'low': 0.0, 'close': 401.45}",0.0,2023-12-14 00:00:00,0,2024-08-16 18:58:12
199,284169477,4577.8,0,0.0,0,0,0,"{'open': 0.0, 'high': 0.0, 'low': 0.0, 'close': 4577.8}",0.0,2023-10-26 00:00:00,0,2024-08-16 18:58:11
200,16467714,0.0,0,0.0,0,0,0,"{'open': 3770.0, 'high': 3770.0, 'low': 3770.0, 'close': 63.5}",-100.0,2024-07-25 11:11:58,0,2024-08-16 17:24:50
201,9425154,476.75,0,0.0,0,0,0,"{'open': 650.0, 'high': 813.6, 'low': 471.05, 'close': 881.7}",-45.928320290348196,2024-08-16 15:29:52,12875,2024-08-16 17:24:58
202,216766981,7042.45,0,0.0,0,0,0,"{'open': 0.0, 'high': 0.0, 'low': 0.0, 'close': 7042.45}",0.0,2024-02-15 00:00:00,0,2024-08-16 18:58:06
203,13618178,0.0,0,0.0,0,0,0,"{'open': 16.7, 'high': 29.4, 'low': 0.05, 'close': 0.1}",-100.0,2024-08-12 15:29:53,1058750,2024-08-16 17:24:37
204,226915845,3340.8,0,0.0,0,0,0,"{'open': 0.0, 'high': 0.0, 'low': 0.0, 'close': 3340.8}",0.0,2024-02-01 00:00:00,0,2024-08-16 18:58:11
205,11632642,0.0,0,0.0,0,0,0,"{'open': 0.0, 'high': 0.0, 'low': 0.0, 'close': 2412.0}",-100.0,2024-07-08 15:29:53,0,2024-08-16 17:24:21
206,14518018,7.6,0,0.0,0,0,0,"{'open': 6.05, 'high': 7.85, 'low': 5.2, 'close': 9.5}",-20.000000000000004,2024-08-16 15:28:00,12900,2024-08-16 17:24:59
207,283840517,3167.85,0,0.0,0,0,0,"{'open': 0.0, 'high': 0.0, 'low': 0.0, 'close': 3167.85}",0.0,2024-02-08 00:00:00,0,2024-08-16 18:58:13
208,11062786,0.0,0,0.0,0,0,0,"{'open': 0.0, 'high': 0.0, 'low': 0.0, 'close': 3180.7}",-100.0,2024-07-30 15:27:47,0,2024-08-16 17:24:26
209,9481986,0.0,0,0.0,0,0,0,"{'open': 0.0, 'high': 0.0, 'low': 0.0, 'close': 1468.2}",-100.0,2024-07-16 15:29:56,0,2024-08-16 17:24:58
210,12290050,0.0,0,0.0,0,0,0,"{'open': 0.0, 'high': 0.0, 'low': 0.0, 'close': 451.6}",-100.0,2024-08-06 15:29:59,0,2024-08-16 17:24:18
211,15142402,57.0,0,0.0,0,0,0,"{'open': 37.75, 'high': 82.15, 'low': 14.7, 'close': 28.9}",97.23183391003461,2024-08-16 15:29:59,407000,2024-08-16 17:24:29
212,13274370,0.0,0,0.0,0,0,0,"{'open': 0.0, 'high': 0.0, 'low': 0.0, 'close': 108.75}",-100.0,2024-02-23 14:38:35,0,2024-08-16 17:24:30
213,11021314,0.0,0,0.0,0,0,0,"{'open': 0.0, 'high': 0.0, 'low': 0.0, 'close': 1019.75}",-100.0,2023-07-06 15:09:27,0,2024-08-16 17:24:26
214,221684741,9.9,0,0.0,0,0,0,"{'open': 9.9, 'high': 9.9, 'low': 9.9, 'close': 15.95}",-37.93103448275861,2024-08-16 15:11:40,60,2024-08-16 18:58:12
215,14376194,0.0,0,0.0,0,0,0,"{'open': 0.0, 'high': 0.0, 'low': 0.0, 'close': 817.55}",-100.0,2024-07-24 13:46:51,0,2024-08-16 17:24:49
216,299745797,531.6,0,0.0,0,0,0,"{'open': 0.0, 'high': 0.0, 'low': 0.0, 'close': 531.6}",0.0,2023-11-30 00:00:00,0,2024-08-16 18:58:16
217,15133186,697.7,0,0.0,0,0,0,"{'open': 524.95, 'high': 710.05, 'low': 379.25, 'close': 411.8}",69.42690626517728,2024-08-16 15:28:44,7100,2024-08-16 17:24:29
218,12398850,1603.6,0,0.0,0,0,0,"{'open': 1603.6, 'high': 1603.6, 'low': 1603.6, 'close': 1067.5}",50.220140515222475,2024-08-16 09:33:29,165,2024-08-16 17:24:19
219,282973701,2848.9,0,0.0,0,0,0,"{'open': 0.0, 'high': 0.0, 'low': 0.0, 'close': 2848.9}",0.0,2024-02-08 00:00:00,0,2024-08-16 18:58:12
220,221511173,8.8,0,0.0,0,0,0,"{'open': 0.0, 'high': 0.0, 'low': 0.0, 'close': 8.8}",0.0,2023-11-16 00:00:00,0,2024-08-16 18:58:16
221,12068610,330.0,0,0.0,0,0,0,"{'open': 483.15, 'high': 600.6, 'low': 325.65, 'close': 636.75}",-48.17432273262662,2024-08-16 15:27:56,3150,2024-08-16 17:24:16
222,15166210,0.0,0,0.0,0,0,0,"{'open': 0.0, 'high': 0.0, 'low': 0.0, 'close': 1712.05}",-100.0,2024-06-27 13:07:09,0,2024-08-16 17:24:29
223,11063298,0.0,0,0.0,0,0,0,"{'open': 0.0, 'high': 0.0, 'low': 0.0, 'close': 3243.6}",-100.0,2024-07-30 15:25:41,0,2024-08-16 17:24:26
224,283979781,886.05,0,0.0,0,0,0,"{'open': 0.0, 'high': 0.0, 'low': 0.0, 'close': 886.05}",0.0,2024-02-08 00:00:00,0,2024-08-16 18:58:10
225,22246146,0.0,0,0.0,0,0,0,"{'open': 0.0, 'high': 0.0, 'low': 0.0, 'close': 925.65}",-100.0,2024-05-27 10:47:42,0,2024-08-16 17:24:53
226,12345090,5470.0,0,0.0,0,0,0,"{'open': 0.0, 'high': 0.0, 'low': 0.0, 'close': 5470.0}",0.0,2024-07-30 14:54:01,360,2024-08-16 17:24:15
227,14498818,3890.3,0,0.0,0,0,0,"{'open': 0.0, 'high': 0.0, 'low': 0.0, 'close': 3890.3}",0.0,2024-07-25 10:04:55,875,2024-08-16 17:24:59
228,14968322,974.0,0,0.0,0,0,0,"{'open': 1300.0, 'high': 1632.4, 'low': 912.0, 'close': 1645.25}",-40.7992706275642,2024-08-16 15:29:58,103890,2024-08-16 17:24:12
229,17170946,2801.55,0,0.0,0,0,0,"{'open': 3114.4, 'high': 3114.4, 'low': 2800.0, 'close': 3188.9}",-12.146821788077391,2024-08-16 14:03:28,4500,2024-08-16 17:24:27
230,14514690,2313.55,0,0.0,0,0,0,"{'open': 0.0, 'high': 0.0, 'low': 0.0, 'close': 2313.55}",0.0,2024-08-07 13:06:54,525,2024-08-16 17:24:59
231,11338242,0.0,0,0.0,0,0,0,"{'open': 0.0, 'high': 0.0, 'low': 0.0, 'close': 1143.75}",-100.0,2023-10-12 15:26:50,0,2024-08-16 17:24:33
232,10982402,5517.05,0,0.0,0,0,0,"{'open': 0.0, 'high': 0.0, 'low': 0.0, 'close': 5517.05}",0.0,2024-07-29 15:02:51,90,2024-08-16 17:24:14
233,14522370,1855.0,0,0.0,0,0,0,"{'open': 1780.0, 'high': 1855.0, 'low': 1780.0, 'close': 1493.5}",24.204887847338465,2024-08-16 14:10:43,7600,2024-08-16 17:24:59
234,16109058,0.0,0,0.0,0,0,0,"{'open': 0.0, 'high': 0.0, 'low': 0.0, 'close': 1952.05}",-100.0,2024-06-27 15:13:48,0,2024-08-16 17:25:11
235,11113730,0.0,0,0.0,0,0,0,"{'open': 0.0, 'high': 0.0, 'low': 0.0, 'close': 25.2}",-100.0,2024-08-05 15:25:44,0,2024-08-16 17:24:34
236,221526021,4425.45,0,0.0,0,0,0,"{'open': 0.0, 'high': 0.0, 'low': 0.0, 'close': 4425.45}",0.0,2023-11-16 00:00:00,0,2024-08-16 18:58:13
237,15160578,0.0,0,0.0,0,0,0,"{'open': 0.0, 'high': 0.0, 'low': 0.0, 'close': 1273.2}",-100.0,2024-04-22 15:29:53,0,2024-08-16 17:24:29
238,288564741,32.2,0,0.0,0,0,0,"{'open': 0.0, 'high': 0.0, 'low': 0.0, 'close': 32.2}",0.0,2024-01-04 00:00:00,0,2024-08-16 18:58:11
239,222180101,4711.95,0,0.0,0,0,0,"{'open': 0.0, 'high': 0.0, 'low': 0.0, 'close': 4711.95}",0.0,2023-11-23 00:00:00,0,2024-08-16 18:58:12
240,12414722,0.0,0,0.0,0,0,0,"{'open': 0.0, 'high': 0.0, 'low': 0.0, 'close': 2386.4}",-100.0,2024-08-06 13:57:34,0,2024-08-16 17:24:19
241,12414210,0.0,0,0.0,0,0,0,"{'open': 0.0, 'high': 0.0, 'low': 0.0, 'close': 2316.9}",-100.0,2024-08-06 11:46:44,0,2024-08-16 17:24:19
242,216672773,6167.7,0,0.0,0,0,0,"{'open': 0.0, 'high': 346.15, 'low': 0.15, 'close': 6167.7}",0.0,2024-04-29 15:29:59,356760,2024-08-16 18:58:13
243,11134978,0.0,0,0.0,0,0,0,"{'open': 0.0, 'high': 0.0, 'low': 0.0, 'close': 321.85}",-100.0,2024-05-08 15:25:02,0,2024-08-16 17:24:18
244,18249730,0.0,0,0.0,0,0,0,"{'open': 0.0, 'high': 0.0, 'low': 0.0, 'close': 796.5}",-100.0,2024-04-25 12:59:45,0,2024-08-16 17:24:44
245,222117893,510.8,0,0.0,0,0,0,"{'open': 253.45, 'high': 569.55, 'low': 243.45, 'close': 614.1}",-16.82136459859958,2024-08-16 15:29:46,3130,2024-08-16 18:58:06
246,14526210,13.55,0,0.0,0,0,0,"{'open': 16.8, 'high': 25.0, 'low': 13.0, 'close': 33.6}",-59.672619047619044,2024-08-16 15:29:45,51500,2024-08-16 17:24:59
247,15608322,0.0,0,0.0,0,0,0,"{'open': 0.0, 'high': 0.0, 'low': 0.0, 'close': 355.05}",-100.0,2022-07-18 09:22:20,0,2024-08-16 17:24:46
248,12316162,2740.0,0,0.0,0,0,0,"{'open': 0.0, 'high': 0.0, 'low': 0.0, 'close': 2740.0}",0.0,2024-08-14 13:34:18,3615,2024-08-16 17:24:14
249,10478594,0.0,0,0.0,0,0,0,"{'open': 0.0, 'high': 0.0, 'low': 0.0, 'close': 351.6}",-100.0,2024-08-07 15:29:59,0,2024-08-16 17:25:03
250,283753221,2502.05,0,0.0,0,0,0,"{'open': 0.0, 'high': 0.0, 'low': 0.0, 'close': 2502.05}",0.0,2024-02-08 00:00:00,0,2024-08-16 18:58:12
251,19209986,3.25,0,0.0,0,0,0,"{'open': 3.75, 'high': 4.0, 'low': 2.8, 'close': 3.85}",-15.584415584415586,2024-08-16 15:29:58,3347000,2024-08-16 17:25:00
252,18205954,0.0,0,0.0,0,0,0,"{'open': 0.0, 'high': 0.0, 'low': 0.0, 'close': 1588.4}",-100.0,2024-04-25 14:03:00,0,2024-08-16 17:24:43
253,14783746,0.0,0,0.0,0,0,0,"{'open': 0.0, 'high': 0.0, 'low': 0.0, 'close': 979.85}",-100.0,2024-01-25 15:28:51,0,2024-08-16 17:24:42
254,284014085,676.0,0,0.0,0,0,0,"{'open': 0.0, 'high': 0.0, 'low': 0.0, 'close': 676.0}",0.0,2024-02-08 00:00:00,0,2024-08-16 18:58:06
255,11221506,0.0,0,0.0,0,0,0,"{'open': 606.0, 'high': 757.3, 'low': 573.7, 'close': 703.8}",-100.0,2024-08-05 15:29:11,0,2024-08-16 17:24:35
256,18432002,22.8,0,0.0,0,0,0,"{'open': 62.95, 'high': 68.0, 'low': 20.7, 'close': 91.55}",-75.09557618787548,2024-08-16 15:29:58,37650,2024-08-16 17:24:44
257,12525570,0.0,0,0.0,0,0,0,"{'open': 0.0, 'high': 0.0, 'low': 0.0, 'close': 187.45}",-100.0,2024-06-18 15:25:42,0,2024-08-16 17:25:10
258,22948610,0.0,0,0.0,0,0,0,"{'open': 0.0, 'high': 0.0, 'low': 0.0, 'close': 2031.05}",-100.0,2024-02-29 15:00:10,0,2024-08-16 17:25:15
259,283001093,4045.5,0,0.0,0,0,0,"{'open': 0.0, 'high': 0.0, 'low': 0.0, 'close': 4045.5}",0.0,2024-02-08 00:00:00,0,2024-08-16 18:58:12
260,15686402,0.0,0,0.0,0,0,0,"{'open': 20.0, 'high': 49.75, 'low': 10.0, 'close': 1318.65}",-100.0,2024-06-27 15:29:33,0,2024-08-16 17:24:47
261,11967746,0.0,0,0.0,0,0,0,"{'open': 0.0, 'high': 0.0, 'low': 0.0, 'close': 35.85}",-100.0,2024-05-14 12:57:24,0,2024-08-16 17:24:45
262,18464514,64.05,0,0.0,0,0,0,"{'open': 64.05, 'high': 64.05, 'low': 64.05, 'close': 55.0}",16.45454545454545,2024-08-16 14:58:51,100,2024-08-16 17:24:44
263,14980354,3898.4,0,0.0,0,0,0,"{'open': 0.0, 'high': 0.0, 'low': 0.0, 'close': 3898.4}",0.0,2024-08-14 09:35:42,330,2024-08-16 17:24:12
264,282839813,4226.9,0,0.0,0,0,0,"{'open': 0.0, 'high': 0.0, 'low': 0.0, 'close': 4226.9}",0.0,2024-02-08 00:00:00,0,2024-08-16 18:58:12
265,14476546,2972.7,0,0.0,0,0,0,"{'open': 0.0, 'high': 0.0, 'low': 0.0, 'close': 2972.7}",0.0,2024-07-29 15:20:22,195,2024-08-16 17:24:14
266,283895813,9.75,0,0.0,0,0,0,"{'open': 0.0, 'high': 0.0, 'low': 0.0, 'close': 9.75}",0.0,2024-02-08 00:00:00,0,2024-08-16 18:58:13
267,220988677,503.4,0,0.0,0,0,0,"{'open': 0.0, 'high': 0.0, 'low': 0.0, 'close': 503.4}",0.0,2024-02-20 00:00:00,0,2024-08-16 18:58:10
268,18438402,326.0,0,0.0,0,0,0,"{'open': 311.8, 'high': 342.45, 'low': 250.0, 'close': 226.1}",44.183989385227775,2024-08-16 15:09:30,1100,2024-08-16 17:24:44
269,14772994,0.4,0,0.0,0,0,0,"{'open': 1.25, 'high': 2.25, 'low': 0.3, 'close': 1.2}",-66.66666666666667,2024-08-16 15:29:58,405750,2024-08-16 17:24:42
270,18283778,0.0,0,0.0,0,0,0,"{'open': 0.0, 'high': 0.0, 'low': 0.0, 'close': 300.25}",-100.0,2023-02-22 11:03:26,0,2024-08-16 17:24:44
271,18226434,0.0,0,0.0,0,0,0,"{'open': 0.0, 'high': 0.0, 'low': 0.0, 'close': 1279.4}",-100.0,2023-04-27 15:18:56,0,2024-08-16 17:24:43
272,18285570,0.0,0,0.0,0,0,0,"{'open': 0.0, 'high': 0.0, 'low': 0.0, 'close': 592.35}",-100.0,2023-02-23 10:53:01,0,2024-08-16 17:24:44
273,12340482,6.85,0,0.0,0,0,0,"{'open': 9.35, 'high': 9.35, 'low': 6.6, 'close': 9.05}",-24.30939226519338,2024-08-16 15:29:51,137790,2024-08-16 17:24:14
274,13586434,0.0,0,0.0,0,0,0,"{'open': 0.15, 'high': 0.95, 'low': 0.05, 'close': 218.3}",-100.0,2024-08-12 15:25:01,0,2024-08-16 17:24:37
275,10893826,223.0,0,0.0,0,0,0,"{'open': 272.05, 'high': 310.55, 'low': 220.05, 'close': 330.9}",-32.608038682381384,2024-08-16 15:28:48,21720,2024-08-16 17:24:25
276,14225410,0.0,0,0.0,0,0,0,"{'open': 0.0, 'high': 0.0, 'low': 0.0, 'close': 1331.7}",-100.0,2024-01-25 13:35:29,0,2024-08-16 17:24:31
277,283198469,4988.1,0,0.0,0,0,0,"{'open': 0.0, 'high': 0.0, 'low': 0.0, 'close': 4988.1}",0.0,2024-02-08 00:00:00,0,2024-08-16 18:58:11
278,282322181,604.5,0,0.0,0,0,0,"{'open': 0.0, 'high': 2920.0, 'low': 1200.0, 'close': 604.5}",0.0,2024-02-05 00:00:00,0,2024-08-16 18:58:10
279,11197698,0.0,0,0.0,0,0,0,"{'open': 116.5, 'high': 307.0, 'low': 111.25, 'close': 284.1}",-100.0,2024-08-05 15:29:56,0,2024-08-16 17:24:35
280,9451266,1800.0,0,0.0,0,0,0,"{'open': 0.0, 'high': 0.0, 'low': 0.0, 'close': 1800.0}",0.0,2024-08-05 11:22:55,0,2024-08-16 17:24:58
281,223025157,1757.0,0,0.0,0,0,0,"{'open': 0.0, 'high': 15.0, 'low': 1.0, 'close': 1757.0}",0.0,2024-02-20 00:00:00,30,2024-08-16 18:58:12
282,222144773,415.0,0,0.0,0,0,0,"{'open': 275.0, 'high': 463.25, 'low': 250.25, 'close': 550.7}",-24.64136553477393,2024-08-16 15:29:45,4640,2024-08-16 18:58:13
283,22303490,0.0,0,0.0,0,0,0,"{'open': 0.0, 'high': 0.0, 'low': 0.0, 'close': 1598.2}",-100.0,2024-02-29 15:00:11,0,2024-08-16 17:24:54
284,19095554,22.05,0,0.0,0,0,0,"{'open': 40.0, 'high': 47.0, 'low': 20.65, 'close': 62.45}",-64.69175340272218,2024-08-16 15:29:59,654500,2024-08-16 17:25:00
285,14224642,0.0,0,0.0,0,0,0,"{'open': 0.0, 'high': 0.0, 'low': 0.0, 'close': 306.05}",-100.0,2024-05-27 14:34:54,0,2024-08-16 17:24:30
286,11059970,0.0,0,0.0,0,0,0,"{'open': 0.0, 'high': 0.0, 'low': 0.0, 'close': 2935.6}",-100.0,2024-07-30 15:29:54,0,2024-08-16 17:24:26
287,12317186,2290.0,0,0.0,0,0,0,"{'open': 2499.35, 'high': 2680.0, 'low': 2290.0, 'close': 2691.1}",-14.904685816208984,2024-08-16 13:11:20,6795,2024-08-16 17:24:14
288,283910405,827.85,0,0.0,0,0,0,"{'open': 0.0, 'high': 0.0, 'low': 0.0, 'close': 827.85}",0.0,2024-01-25 00:00:00,0,2024-08-16 18:58:13
289,11106818,20.05,0,0.0,0,0,0,"{'open': 0.0, 'high': 0.0, 'low': 0.0, 'close': 20.05}",0.0,2024-07-31 14:49:34,1375,2024-08-16 17:25:12
290,14019842,735.0,0,0.0,0,0,0,"{'open': 0.0, 'high': 0.0, 'low': 0.0, 'close': 735.0}",0.0,2024-08-13 13:05:32,100,2024-08-16 17:25:10
291,15162626,0.0,0,0.0,0,0,0,"{'open': 0.0, 'high': 0.0, 'low': 0.0, 'close': 1426.3}",-100.0,2024-03-28 15:29:58,0,2024-08-16 17:24:29
292,222119941,2087.7,0,0.0,0,0,0,"{'open': 0.0, 'high': 0.0, 'low': 0.0, 'close': 2087.7}",0.0,2024-01-18 00:00:00,0,2024-08-16 18:58:06
293,282872325,3868.35,0,0.0,0,0,0,"{'open': 0.0, 'high': 0.0, 'low': 0.0, 'close': 3868.35}",0.0,2024-01-25 00:00:00,0,2024-08-16 18:58:10
294,14801666,0.1,0,0.0,0,0,0,"{'open': 0.3, 'high': 0.4, 'low': 0.1, 'close': 0.35}",-71.42857142857142,2024-08-16 15:29:45,261100,2024-08-16 17:24:42
295,14130946,0.0,0,0.0,0,0,0,"{'open': 0.0, 'high': 0.0, 'low': 0.0, 'close': 672.2}",-100.0,2023-07-27 15:22:18,0,2024-08-16 17:24:39
296,11291906,0.0,0,0.0,0,0,0,"{'open': 0.0, 'high': 0.0, 'low': 0.0, 'close': 378.75}",-100.0,2024-08-13 15:29:32,1457400,2024-08-16 17:24:20
297,12863490,0.0,0,0.0,0,0,0,"{'open': 2720.0, 'high': 2945.4, 'low': 2552.4, 'close': 1454.85}",-100.0,2024-08-07 15:28:26,0,2024-08-16 17:25:04
298,10893058,0.0,0,0.0,0,0,0,"{'open': 0.25, 'high': 0.35, 'low': 0.05, 'close': 398.75}",-100.0,2024-07-30 15:09:41,0,2024-08-16 17:24:25
299,9884162,91.0,0,0.0,0,0,0,"{'open': 175.0, 'high': 191.5, 'low': 89.0, 'close': 232.55}",-60.86863040206408,2024-08-16 15:29:45,68050,2024-08-16 17:25:01
300,14358530,1205.05,0,0.0,0,0,0,"{'open': 0.0, 'high': 0.0, 'low': 0.0, 'close': 1205.05}",0.0,2024-07-29 15:00:53,275,2024-08-16 17:25:08
301,226771973,28.9,0,0.0,0,0,0,"{'open': 0.0, 'high': 0.0, 'low': 0.0, 'close': 28.9}",0.0,2024-02-01 00:00:00,0,2024-08-16 18:58:11
302,10979330,4265.15,0,0.0,0,0,0,"{'open': 4265.15, 'high': 4265.15, 'low': 4265.15, 'close': 4334.75}",-1.6056289290039878,2024-08-16 10:58:32,75,2024-08-16 17:24:13
303,18277890,1038.0,0,0.0,0,0,0,"{'open': 1099.5, 'high': 1118.45, 'low': 1001.0, 'close': 1151.55}",-9.86062263905171,2024-08-16 15:28:00,62325,2024-08-16 17:25:12
304,12542722,380.0,0,0.0,0,0,0,"{'open': 0.0, 'high': 0.0, 'low': 0.0, 'close': 380.0}",0.0,2024-08-12 14:58:58,50,2024-08-16 17:25:10
305,11068930,0.0,0,0.0,0,0,0,"{'open': 0.0, 'high': 0.0, 'low': 0.0, 'close': 3700.95}",-100.0,2024-07-30 15:29:18,0,2024-08-16 17:24:26
306,216499205,1084.8,0,0.0,0,0,0,"{'open': 0.0, 'high': 225.25, 'low': 0.05, 'close': 1084.8}",0.0,2024-02-20 00:00:00,194290,2024-08-16 18:58:13
307,284341253,4479.7,0,0.0,0,0,0,"{'open': 0.0, 'high': 0.0, 'low': 0.0, 'close': 4479.7}",0.0,2023-09-14 00:00:00,0,2024-08-16 18:58:06
308,288435205,547.2,0,0.0,0,0,0,"{'open': 0.0, 'high': 0.0, 'low': 0.0, 'close': 547.2}",0.0,2024-01-18 00:00:00,0,2024-08-16 18:58:13
309,282076677,3845.0,0,0.0,0,0,0,"{'open': 0.0, 'high': 0.0, 'low': 0.0, 'close': 3845.0}",0.0,2023-08-31 00:00:00,0,2024-08-16 18:58:13
310,12352514,431.85,0,0.0,0,0,0,"{'open': 547.4, 'high': 676.9, 'low': 416.95, 'close': 716.85}",-39.75727139568947,2024-08-16 15:25:00,1170,2024-08-16 17:24:18
311,15651074,0.0,0,0.0,0,0,0,"{'open': 0.0, 'high': 0.0, 'low': 0.0, 'close': 6538.85}",-100.0,2023-12-22 14:27:56,0,2024-08-16 17:24:27
312,11110402,0.0,0,0.0,0,0,0,"{'open': 0.0, 'high': 0.0, 'low': 0.0, 'close': 1703.35}",-100.0,2023-08-03 15:29:59,0,2024-08-16 17:24:45
313,221893893,7218.9,0,0.0,0,0,0,"{'open': 0.0, 'high': 0.0, 'low': 0.0, 'close': 7218.9}",0.0,2023-11-23 00:00:00,0,2024-08-16 18:58:06
314,9902082,422.3,0,0.0,0,0,0,"{'open': 427.85, 'high': 427.85, 'low': 422.3, 'close': 750.0}",-43.693333333333335,2024-08-16 14:59:57,300,2024-08-16 17:25:02
315,15172098,0.4,0,0.0,0,0,0,"{'open': 0.7, 'high': 0.9, 'low': 0.35, 'close': 0.65}",-38.46153846153846,2024-08-16 15:29:59,37100,2024-08-16 17:24:29
316,216222725,54.9,0,0.0,0,0,0,"{'open': 0.0, 'high': 0.0, 'low': 0.0, 'close': 54.9}",0.0,2024-02-20 00:00:00,0,2024-08-16 18:58:16
317,281713157,1065.1,0,0.0,0,0,0,"{'open': 0.0, 'high': 1216.6, 'low': 735.0, 'close': 1065.1}",0.0,2023-09-08 15:29:45,7710,2024-08-16 18:58:12
318,216280069,469.95,0,0.0,0,0,0,"{'open': 0.0, 'high': 0.0, 'low': 0.0, 'close': 469.95}",0.0,2024-02-20 00:00:00,0,2024-08-16 18:58:12
319,14975234,2250.0,0,0.0,0,0,0,"{'open': 2850.0, 'high': 2850.0, 'low': 2250.0, 'close': 2945.0}",-23.599320882852293,2024-08-16 13:45:44,105,2024-08-16 17:24:12
320,215688709,4963.0,0,0.0,0,0,0,"{'open': 0.0, 'high': 0.0, 'low': 0.0, 'close': 4963.0}",0.0,2024-02-20 00:00:00,0,2024-08-16 18:58:16
321,15619330,0.0,0,0.0,0,0,0,"{'open': 280.0, 'high': 433.05, 'low': 280.0, 'close': 491.15}",-100.0,2024-05-30 14:48:16,0,2024-08-16 17:24:46
322,14970882,12.35,0,0.0,0,0,0,"{'open': 16.0, 'high': 24.25, 'low': 8.7, 'close': 13.05}",-5.363984674329511,2024-08-16 15:29:59,1719915,2024-08-16 17:24:12
323,282984965,2813.55,0,0.0,0,0,0,"{'open': 0.0, 'high': 0.0, 'low': 0.0, 'close': 2813.55}",0.0,2024-02-08 00:00:00,0,2024-08-16 18:58:12
324,283771909,304.45,0,0.0,0,0,0,"{'open': 0.0, 'high': 0.0, 'low': 0.0, 'close': 304.45}",0.0,2023-12-14 00:00:00,0,2024-08-16 18:58:06
325,283774981,476.2,0,0.0,0,0,0,"{'open': 0.0, 'high': 0.0, 'low': 0.0, 'close': 476.2}",0.0,2024-01-25 00:00:00,0,2024-08-16 18:58:12
326,14752770,251.7,0,0.0,0,0,0,"{'open': 171.1, 'high': 272.5, 'low': 126.4, 'close': 128.5}",95.87548638132294,2024-08-16 15:29:51,44350,2024-08-16 17:24:42
327,11212546,0.0,0,0.0,0,0,0,"{'open': 255.3, 'high': 505.7, 'low': 255.3, 'close': 431.55}",-100.0,2024-08-05 15:29:58,0,2024-08-16 17:24:35
328,285224709,1249.3,0,0.0,0,0,0,"{'open': 0.0, 'high': 0.0, 'low': 0.0, 'close': 1249.3}",0.0,2024-02-20 00:00:00,0,2024-08-16 18:58:13
329,14921730,3.05,0,0.0,0,0,0,"{'open': 2.8, 'high': 3.75, 'low': 1.55, 'close': 2.35}",29.787234042553177,2024-08-16 15:29:56,295155,2024-08-16 17:24:11
330,10979842,4639.0,0,0.0,0,0,0,"{'open': 4308.45, 'high': 4670.0, 'low': 4029.35, 'close': 3954.1}",17.32126147543057,2024-08-16 15:29:29,24810,2024-08-16 17:24:13
331,14517250,2374.5,0,0.0,0,0,0,"{'open': 2374.5, 'high': 2374.5, 'low': 2374.5, 'close': 2000.0}",18.725,2024-08-16 15:17:02,23050,2024-08-16 17:24:59
332,216506629,4548.8,0,0.0,0,0,0,"{'open': 0.0, 'high': 0.0, 'low': 0.0, 'close': 4548.8}",0.0,2024-02-20 00:00:00,0,2024-08-16 18:58:06
333,9856770,0.0,0,0.0,0,0,0,"{'open': 0.0, 'high': 0.0, 'low': 0.0, 'close': 148.3}",-100.0,2020-12-17 15:29:59,0,2024-08-16 17:24:31
334,15640322,0.0,0,0.0,0,0,0,"{'open': 0.0, 'high': 0.0, 'low': 0.0, 'close': 816.25}",-100.0,2020-12-31 13:30:05,0,2024-08-16 17:24:47
335,18422274,0.0,0,0.0,0,0,0,"{'open': 0.0, 'high': 0.0, 'low': 0.0, 'close': 633.85}",-100.0,2024-02-29 13:38:35,0,2024-08-16 17:24:44
336,15107842,1.35,0,0.0,0,0,0,"{'open': 1.7, 'high': 10.0, 'low': 0.85, 'close': 2.95}",-54.23728813559322,2024-08-16 15:29:56,159750,2024-08-16 17:24:29
337,15162370,0.4,0,0.0,0,0,0,"{'open': 0.9, 'high': 0.95, 'low': 0.4, 'close': 0.75}",-46.666666666666664,2024-08-16 15:28:34,1425,2024-08-16 17:24:29
338,283120389,3376.5,0,0.0,0,0,0,"{'open': 0.0, 'high': 0.0, 'low': 0.0, 'close': 3376.5}",0.0,2024-02-08 00:00:00,0,2024-08-16 18:58:13
339,14017282,448.0,0,0.0,0,0,0,"{'open': 550.1, 'high': 585.55, 'low': 443.05, 'close': 637.3}",-29.703436372195196,2024-08-16 15:29:55,266500,2024-08-16 17:25:10
340,9892098,213.35,0,0.0,0,0,0,"{'open': 343.0, 'high': 411.25, 'low': 208.25, 'close': 463.75}",-53.99460916442049,2024-08-16 15:29:51,113875,2024-08-16 17:25:02
341,15150850,0.0,0,0.0,0,0,0,"{'open': 0.0, 'high': 0.0, 'low': 0.0, 'close': 657.75}",-100.0,2023-12-06 09:15:03,0,2024-08-16 17:24:29
342,14563842,0.0,0,0.0,0,0,0,"{'open': 0.4, 'high': 0.4, 'low': 0.05, 'close': 1318.85}",-100.0,2024-05-30 15:29:53,0,2024-08-16 17:24:39
343,10103554,0.0,0,0.0,0,0,0,"{'open': 0.3, 'high': 0.4, 'low': 0.05, 'close': 268.65}",-100.0,2024-07-29 15:28:55,0,2024-08-16 17:24:40
344,22224386,0.0,0,0.0,0,0,0,"{'open': 0.0, 'high': 0.0, 'low': 0.0, 'close': 537.55}",-100.0,2024-01-25 15:13:28,0,2024-08-16 17:24:53
345,221261829,101.6,0,0.0,0,0,0,"{'open': 0.0, 'high': 0.0, 'low': 0.0, 'close': 101.6}",0.0,2024-02-20 00:00:00,0,2024-08-16 18:58:10
346,11897602,1358.55,0,0.0,0,0,0,"{'open': 1044.0, 'high': 1380.85, 'low': 926.35, 'close': 954.05}",42.398197159478016,2024-08-16 15:25:18,2685,2024-08-16 17:24:14
347,9935106,850.0,0,0.0,0,0,0,"{'open': 0.0, 'high': 0.0, 'low': 0.0, 'close': 850.0}",0.0,2024-08-13 12:46:03,0,2024-08-16 17:24:31
348,10347778,1068.2,0,0.0,0,0,0,"{'open': 0.0, 'high': 0.0, 'low': 0.0, 'close': 1068.2}",0.0,2024-08-01 15:25:41,30,2024-08-16 17:24:23
349,10793730,171.6,0,0.0,0,0,0,"{'open': 240.0, 'high': 298.7, 'low': 164.55, 'close': 339.45}",-49.447635881573134,2024-08-16 15:25:32,4475,2024-08-16 17:25:03
350,215871237,3673.5,0,0.0,0,0,0,"{'open': 0.0, 'high': 0.0, 'low': 0.0, 'close': 3673.5}",0.0,2024-02-15 00:00:00,0,2024-08-16 18:58:13
351,16479746,0.0,0,0.0,0,0,0,"{'open': 0.0, 'high': 0.0, 'low': 0.0, 'close': 110.9}",-100.0,2023-02-23 13:30:21,0,2024-08-16 17:24:50
352,14480642,0.0,0,0.0,0,0,0,"{'open': 4055.3, 'high': 4055.3, 'low': 3788.15, 'close': 25.65}",-100.0,2024-05-29 14:53:15,0,2024-08-16 17:24:43
353,283736837,1172.6,0,0.0,0,0,0,"{'open': 0.0, 'high': 0.0, 'low': 0.0, 'close': 1172.6}",0.0,2023-12-14 00:00:00,0,2024-08-16 18:58:10
354,14016002,2.3,0,0.0,0,0,0,"{'open': 1.35, 'high': 2.9, 'low': 0.85, 'close': 1.05}",119.04761904761902,2024-08-16 15:29:59,1029405,2024-08-16 17:24:11
355,11254018,0.0,0,0.0,0,0,0,"{'open': 0.0, 'high': 0.0, 'low': 0.0, 'close': 1554.75}",-100.0,2024-05-15 15:28:12,0,2024-08-16 17:24:35
356,14222594,5.75,0,0.0,0,0,0,"{'open': 5.75, 'high': 5.75, 'low': 4.8, 'close': 9.1}",-36.81318681318681,2024-08-16 14:55:52,25,2024-08-16 17:24:30
357,283222021,1356.9,0,0.0,0,0,0,"{'open': 0.0, 'high': 0.0, 'low': 0.0, 'close': 1356.9}",0.0,2024-02-08 00:00:00,0,2024-08-16 18:58:06
358,9407234,0.0,0,0.0,0,0,0,"{'open': 0.95, 'high': 1.0, 'low': 0.05, 'close': 20.45}",-100.0,2024-07-18 15:29:47,0,2024-08-16 17:24:55
359,226710277,5364.15,0,0.0,0,0,0,"{'open': 0.0, 'high': 0.0, 'low': 0.0, 'close': 5364.15}",0.0,2024-02-01 00:00:00,0,2024-08-16 18:58:06
360,10960386,6544.5,0,0.0,0,0,0,"{'open': 6600.0, 'high': 6600.0, 'low': 6544.5, 'close': 5900.0}",10.923728813559322,2024-08-16 15:02:07,7245,2024-08-16 17:24:13
361,9066242,24598.05,0,0.0,0,0,0,"{'open': 24322.35, 'high': 24606.15, 'low': 24233.0, 'close': 24174.65}",1.751421426990661,2024-08-16 15:29:59,11562325,2024-08-16 16:49:02
362,14237954,1020.0,0,0.0,0,0,0,"{'open': 0.0, 'high': 0.0, 'low': 0.0, 'close': 1020.0}",0.0,2024-08-06 14:38:06,50,2024-08-16 17:24:31
363,15677442,0.0,0,0.0,0,0,0,"{'open': 16.35, 'high': 20.6, 'low': 0.05, 'close': 1207.6}",-100.0,2023-12-22 15:29:59,0,2024-08-16 17:24:47
364,216294405,1998.1,0,0.0,0,0,0,"{'open': 0.0, 'high': 0.0, 'low': 0.0, 'close': 1998.1}",0.0,2024-02-20 00:00:00,0,2024-08-16 18:58:15
365,282674181,444.65,0,0.0,0,0,0,"{'open': 0.0, 'high': 1.2, 'low': 0.05, 'close': 444.65}",0.0,2024-03-28 15:29:08,910,2024-08-16 18:58:11
366,12344578,6340.0,0,0.0,0,0,0,"{'open': 6698.95, 'high': 6850.0, 'low': 6250.0, 'close': 6990.0}",-9.298998569384835,2024-08-16 15:29:13,17760,2024-08-16 17:24:15
367,15138818,270.0,0,0.0,0,0,0,"{'open': 130.0, 'high': 302.75, 'low': 84.95, 'close': 118.7}",127.4641954507161,2024-08-16 15:29:54,80250,2024-08-16 17:24:29
368,215744517,1195.1,0,0.0,0,0,0,"{'open': 0.0, 'high': 720.0, 'low': 456.8, 'close': 1195.1}",0.0,2024-08-12 15:19:02,0,2024-08-16 18:58:10
369,10123778,0.0,0,0.0,0,0,0,"{'open': 0.0, 'high': 0.0, 'low': 0.0, 'close': 1718.75}",-100.0,2024-01-24 10:25:49,0,2024-08-16 17:24:40
370,15158786,0.4,0,0.0,0,0,0,"{'open': 0.95, 'high': 1.0, 'low': 0.35, 'close': 0.75}",-46.666666666666664,2024-08-16 15:29:52,22350,2024-08-16 17:24:29
371,222420997,37.6,0,0.0,0,0,0,"{'open': 0.0, 'high': 0.0, 'low': 0.0, 'close': 37.6}",0.0,2023-11-23 00:00:00,0,2024-08-16 18:58:06
372,283809285,234.1,0,0.0,0,0,0,"{'open': 0.0, 'high': 0.0, 'low': 0.0, 'close': 234.1}",0.0,2023-12-14 00:00:00,0,2024-08-16 18:58:06
373,9422082,426.5,0,0.0,0,0,0,"{'open': 678.0, 'high': 780.0, 'low': 421.0, 'close': 831.0}",-48.676293622142,2024-08-16 15:29:58,252600,2024-08-16 17:24:58
374,12516610,75.65,0,0.0,0,0,0,"{'open': 102.25, 'high': 110.75, 'low': 75.3, 'close': 109.85}",-31.13336367774237,2024-08-16 15:29:39,106725,2024-08-16 17:25:10
375,17396994,0.0,0,0.0,0,0,0,"{'open': 0.3, 'high': 0.4, 'low': 0.05, 'close': 0.4}",-100.0,2024-04-25 15:29:34,2284450,2024-08-16 17:25:06
376,16486658,0.0,0,0.0,0,0,0,"{'open': 3685.0, 'high': 3730.15, 'low': 3680.0, 'close': 149.65}",-100.0,2024-07-25 15:28:28,0,2024-08-16 17:24:51
377,226670085,1959.4,0,0.0,0,0,0,"{'open': 0.0, 'high': 0.0, 'low': 0.0, 'close': 1959.4}",0.0,2024-02-01 00:00:00,0,2024-08-16 18:58:13
378,10320642,258.0,0,0.0,0,0,0,"{'open': 369.55, 'high': 402.15, 'low': 252.65, 'close': 440.5}",-41.43019296254256,2024-08-16 15:29:44,60990,2024-08-16 17:24:23
379,11649282,1580.95,0,0.0,0,0,0,"{'open': 0.0, 'high': 0.0, 'low': 0.0, 'close': 1580.95}",0.0,2024-07-25 15:03:00,175,2024-08-16 17:25:00
380,11228418,0.0,0,0.0,0,0,0,"{'open': 0.0, 'high': 0.0, 'low': 0.0, 'close': 885.9}",-100.0,2024-08-02 11:00:03,0,2024-08-16 17:24:35
381,18277378,2.6,0,0.0,0,0,0,"{'open': 5.0, 'high': 5.05, 'low': 2.55, 'close': 6.8}",-61.764705882352935,2024-08-16 15:29:22,26000,2024-08-16 17:24:44
382,17341186,0.0,0,0.0,0,0,0,"{'open': 0.0, 'high': 0.0, 'low': 0.0, 'close': 235.5}",-100.0,2024-07-25 10:53:47,6900,2024-08-16 17:25:05
383,16597762,0.0,0,0.0,0,0,0,"{'open': 0.0, 'high': 0.0, 'low': 0.0, 'close': 687.1}",-100.0,2024-07-18 09:44:35,0,2024-08-16 17:24:51
384,14497026,2.5,0,0.0,0,0,0,"{'open': 1.8, 'high': 2.5, 'low': 1.35, 'close': 2.0}",25.0,2024-08-16 15:29:34,72125,2024-08-16 17:24:59
385,283220997,2311.55,0,0.0,0,0,0,"{'open': 0.0, 'high': 0.0, 'low': 0.0, 'close': 2311.55}",0.0,2024-02-08 00:00:00,0,2024-08-16 18:58:13
386,14785538,0.05,0,0.0,0,0,0,"{'open': 0.35, 'high': 0.4, 'low': 0.05, 'close': 0.3}",-83.33333333333334,2024-08-16 15:29:30,10300,2024-08-16 17:24:42
387,282107909,6580.1,0,0.0,0,0,0,"{'open': 0.0, 'high': 0.0, 'low': 0.0, 'close': 6580.1}",0.0,2024-01-25 00:00:00,0,2024-08-16 18:58:06
388,11319810,0.0,0,0.0,0,0,0,"{'open': 384.0, 'high': 420.0, 'low': 345.0, 'close': 826.5}",-100.0,2024-07-22 15:09:04,0,2024-08-16 17:24:33
389,11100930,0.0,0,0.0,0,0,0,"{'open': 0.0, 'high': 0.0, 'low': 0.0, 'close': 14.05}",-100.0,2024-08-05 15:25:02,0,2024-08-16 17:24:34
390,11974658,0.0,0,0.0,0,0,0,"{'open': 0.0, 'high': 0.0, 'low': 0.0, 'close': 1758.55}",-100.0,2024-05-17 15:04:19,0,2024-08-16 17:24:45
391,11649538,2.2,0,0.0,0,0,0,"{'open': 3.5, 'high': 3.5, 'low': 2.1, 'close': 3.45}",-36.231884057971016,2024-08-16 15:29:50,44325,2024-08-16 17:25:00
392,10960642,5.4,0,0.0,0,0,0,"{'open': 5.0, 'high': 5.95, 'low': 3.9, 'close': 5.55}",-2.7027027027026933,2024-08-16 15:27:14,25575,2024-08-16 17:24:13
393,17390082,0.0,0,0.0,0,0,0,"{'open': 0.0, 'high': 0.0, 'low': 0.0, 'close': 62.5}",-100.0,2023-07-19 14:33:40,0,2024-08-16 17:25:06
394,282204421,1423.3,0,0.0,0,0,0,"{'open': 0.0, 'high': 0.0, 'low': 0.0, 'close': 1423.3}",0.0,2024-02-01 00:00:00,0,2024-08-16 18:58:06
395,18464770,0.0,0,0.0,0,0,0,"{'open': 0.0, 'high': 0.0, 'low': 0.0, 'close': 1180.25}",-100.0,2024-02-29 09:31:06,0,2024-08-16 17:24:44
396,12303874,196.15,0,0.0,0,0,0,"{'open': 156.75, 'high': 249.0, 'low': 108.45, 'close': 126.75}",54.753451676528606,2024-08-16 15:29:59,57375,2024-08-16 17:24:14
397,10998274,1849.85,0,0.0,0,0,0,"{'open': 0.0, 'high': 0.0, 'low': 0.0, 'close': 1849.85}",0.0,2024-08-13 15:16:10,150,2024-08-16 17:24:14
398,22054402,0.0,0,0.0,0,0,0,"{'open': 0.0, 'high': 0.0, 'low': 0.0, 'close': 1399.25}",-100.0,2022-09-29 15:27:39,0,2024-08-16 17:25:14
399,215819013,5706.35,0,0.0,0,0,0,"{'open': 0.0, 'high': 0.0, 'low': 0.0, 'close': 5706.35}",0.0,2024-02-20 00:00:00,0,2024-08-16 18:58:12
400,11026178,921.2,0,0.0,0,0,0,"{'open': 1040.0, 'high': 1040.0, 'low': 808.2, 'close': 1100.0}",-16.25454545454545,2024-08-16 15:29:09,15,2024-08-16 17:24:26
401,11308546,0.0,0,0.0,0,0,0,"{'open': 514.7, 'high': 543.85, 'low': 106.75, 'close': 589.35}",-100.0,2024-07-22 15:29:53,0,2024-08-16 17:24:33
402,282649605,602.65,0,0.0,0,0,0,"{'open': 0.0, 'high': 2.2, 'low': 0.05, 'close': 602.65}",0.0,2024-03-28 15:29:08,1350,2024-08-16 18:58:11
403,216240389,840.25,0,0.0,0,0,0,"{'open': 0.0, 'high': 0.0, 'low': 0.0, 'close': 840.25}",0.0,2024-02-15 00:00:00,0,2024-08-16 18:58:10
404,221444613,2220.65,0,0.0,0,0,0,"{'open': 0.0, 'high': 0.0, 'low': 0.0, 'close': 2220.65}",0.0,2024-01-18 00:00:00,0,2024-08-16 18:58:06
405,282198021,6299.35,0,0.0,0,0,0,"{'open': 0.0, 'high': 0.0, 'low': 0.0, 'close': 6299.35}",0.0,2024-01-25 00:00:00,0,2024-08-16 18:58:06
406,283819269,840.2,0,0.0,0,0,0,"{'open': 0.0, 'high': 0.0, 'low': 0.0, 'close': 840.2}",0.0,2024-01-25 00:00:00,0,2024-08-16 18:58:16
407,283839749,2.1,0,0.0,0,0,0,"{'open': 1.15, 'high': 2.5, 'low': 1.05, 'close': 4.35}",-51.72413793103448,2024-08-16 15:29:30,20115,2024-08-16 18:58:06
408,22144770,0.0,0,0.0,0,0,0,"{'open': 0.0, 'high': 0.0, 'low': 0.0, 'close': 217.2}",-100.0,2023-09-28 11:21:48,0,2024-08-16 17:24:53
409,16526082,0.0,0,0.0,0,0,0,"{'open': 0.0, 'high': 0.0, 'low': 0.0, 'close': 63.55}",-100.0,2022-10-31 10:22:44,0,2024-08-16 17:25:12
410,296165125,13.05,0,0.0,0,0,0,"{'open': 0.0, 'high': 0.0, 'low': 0.0, 'close': 13.05}",0.0,2023-12-21 00:00:00,0,2024-08-16 18:58:13
411,18477570,0.0,0,0.0,0,0,0,"{'open': 0.0, 'high': 0.0, 'low': 0.0, 'close': 2190.45}",-100.0,2024-04-12 13:57:34,0,2024-08-16 17:24:45
412,12527106,0.0,0,0.0,0,0,0,"{'open': 0.0, 'high': 0.0, 'low': 0.0, 'close': 6055.55}",-100.0,2023-05-04 15:26:44,0,2024-08-16 17:24:19
413,16598786,0.0,0,0.0,0,0,0,"{'open': 0.0, 'high': 0.0, 'low': 0.0, 'close': 724.45}",-100.0,2024-05-30 15:26:31,0,2024-08-16 17:24:51
414,14020354,558.9,0,0.0,0,0,0,"{'open': 627.0, 'high': 630.0, 'low': 555.1, 'close': 773.0}",-27.69728331177232,2024-08-16 15:25:21,5025,2024-08-16 17:25:10
415,10444802,50.0,0,0.0,0,0,0,"{'open': 89.3, 'high': 90.0, 'low': 49.8, 'close': 100.85}",-50.4214179474467,2024-08-16 15:29:55,4950,2024-08-16 17:25:03
416,14959106,139.8,0,0.0,0,0,0,"{'open': 350.0, 'high': 501.45, 'low': 138.0, 'close': 533.4}",-73.79077615298088,2024-08-16 15:29:59,692235,2024-08-16 17:24:12
417,18277634,0.0,0,0.0,0,0,0,"{'open': 0.0, 'high': 0.0, 'low': 0.0, 'close': 636.3}",-100.0,2023-06-23 12:25:52,0,2024-08-16 17:24:44
418,14519298,1938.75,0,0.0,0,0,0,"{'open': 2038.55, 'high': 2038.55, 'low': 1938.75, 'close': 2084.15}",-6.976465225631556,2024-08-16 09:44:01,6500,2024-08-16 17:24:59
419,15609346,110.0,0,0.0,0,0,0,"{'open': 190.0, 'high': 190.0, 'low': 94.4, 'close': 200.1}",-45.02748625687157,2024-08-16 15:23:42,550,2024-08-16 17:24:46
420,14971138,1450.0,0,0.0,0,0,0,"{'open': 1821.4, 'high': 2122.0, 'low': 1375.0, 'close': 2130.1}",-31.928078493967416,2024-08-16 15:29:39,62805,2024-08-16 17:24:12
421,19120642,97.05,0,0.0,0,0,0,"{'open': 53.9, 'high': 99.85, 'low': 35.95, 'close': 37.0}",162.2972972972973,2024-08-16 15:29:58,178225,2024-08-16 17:25:00
422,15591426,0.0,0,0.0,0,0,0,"{'open': 0.0, 'high': 0.0, 'low': 0.0, 'close': 216.75}",-100.0,2023-11-30 15:28:13,0,2024-08-16 17:24:46
423,221627909,14.15,0,0.0,0,0,0,"{'open': 125.0, 'high': 144.1, 'low': 11.8, 'close': 225.9}",-93.73616644532979,2024-08-16 15:29:59,148350,2024-08-16 18:58:11
424,16556546,0.0,0,0.0,0,0,0,"{'open': 0.05, 'high': 0.05, 'low': 0.05, 'close': 346.4}",-100.0,2023-11-30 12:19:20,0,2024-08-16 17:24:51
425,221655557,950.0,0,0.0,0,0,0,"{'open': 922.0, 'high': 950.0, 'low': 866.0, 'close': 1073.5}",-11.504424778761061,2024-08-16 10:48:11,15,2024-08-16 18:58:12
426,15145474,8.6,0,0.0,0,0,0,"{'open': 6.5, 'high': 17.9, 'low': 3.1, 'close': 7.55}",13.90728476821192,2024-08-16 15:29:59,705300,2024-08-16 17:24:29
427,18454530,82.0,0,0.0,0,0,0,"{'open': 148.15, 'high': 177.8, 'low': 80.65, 'close': 240.05}",-65.84044990626953,2024-08-16 15:29:13,5450,2024-08-16 17:24:44
428,15155970,0.0,0,0.0,0,0,0,"{'open': 0.0, 'high': 0.0, 'low': 0.0, 'close': 955.15}",-100.0,2024-04-22 15:29:58,0,2024-08-16 17:24:29
429,216277253,23.15,0,0.0,0,0,0,"{'open': 0.0, 'high': 0.0, 'low': 0.0, 'close': 23.15}",0.0,2024-02-20 00:00:00,0,2024-08-16 18:58:12
430,282968837,2340.35,0,0.0,0,0,0,"{'open': 0.0, 'high': 0.0, 'low': 0.0, 'close': 2340.35}",0.0,2024-02-08 00:00:00,0,2024-08-16 18:58:12
431,221625093,0.1,0,0.0,0,0,0,"{'open': 0.0, 'high': 0.0, 'low': 0.0, 'close': 0.1}",0.0,2023-11-16 00:00:00,0,2024-08-16 18:58:12
432,22057986,0.0,0,0.0,0,0,0,"{'open': 0.0, 'high': 0.0, 'low': 0.0, 'close': 2752.35}",-100.0,2022-09-21 10:24:55,0,2024-08-16 17:25:14
433,9358082,3.8,0,0.0,0,0,0,"{'open': 7.8, 'high': 7.8, 'low': 2.5, 'close': 9.4}",-59.57446808510638,2024-08-16 15:29:57,758675,2024-08-16 17:24:57
434,14224130,13.0,0,0.0,0,0,0,"{'open': 0.0, 'high': 0.0, 'low': 0.0, 'close': 13.0}",0.0,2024-08-13 13:53:06,50,2024-08-16 17:24:30
435,17344770,0.0,0,0.0,0,0,0,"{'open': 0.0, 'high': 0.0, 'low': 0.0, 'close': 284.55}",-100.0,2023-07-24 14:15:29,0,2024-08-16 17:25:05
436,10321666,0.0,0,0.0,0,0,0,"{'open': 0.0, 'high': 0.0, 'low': 0.0, 'close': 570.5}",-100.0,2023-10-11 15:14:48,0,2024-08-16 17:24:23
437,19098626,33.0,0,0.0,0,0,0,"{'open': 87.1, 'high': 87.1, 'low': 32.6, 'close': 109.05}",-69.73865199449794,2024-08-16 15:29:55,784900,2024-08-16 17:25:00
438,284022789,772.45,0,0.0,0,0,0,"{'open': 0.0, 'high': 0.0, 'low': 0.0, 'close': 772.45}",0.0,2024-02-08 00:00:00,0,2024-08-16 18:58:10
439,10843138,0.0,0,0.0,0,0,0,"{'open': 0.0, 'high': 0.0, 'low': 0.0, 'close': 6.65}",-100.0,2023-06-26 11:10:21,0,2024-08-16 17:24:15
440,283852037,180.85,0,0.0,0,0,0,"{'open': 0.0, 'high': 0.0, 'low': 0.0, 'close': 180.85}",0.0,2024-01-25 00:00:00,0,2024-08-16 18:58:06
441,282906629,3753.2,0,0.0,0,0,0,"{'open': 0.0, 'high': 0.0, 'low': 0.0, 'close': 3753.2}",0.0,2024-02-08 00:00:00,0,2024-08-16 18:58:10
442,282855173,3610.8,0,0.0,0,0,0,"{'open': 0.0, 'high': 0.0, 'low': 0.0, 'close': 3610.8}",0.0,2024-02-08 00:00:00,0,2024-08-16 18:58:13
443,14518530,7.3,0,0.0,0,0,0,"{'open': 6.2, 'high': 7.75, 'low': 5.35, 'close': 9.85}",-25.888324873096444,2024-08-16 15:29:45,192525,2024-08-16 17:24:59
444,14525442,1601.25,0,0.0,0,0,0,"{'open': 1359.95, 'high': 1609.0, 'low': 1261.25, 'close': 1203.55}",33.04391176104026,2024-08-16 15:28:41,419775,2024-08-16 17:24:59
445,288475653,3057.8,0,0.0,0,0,0,"{'open': 0.0, 'high': 0.0, 'low': 0.0, 'close': 3057.8}",0.0,2024-01-11 00:00:00,0,2024-08-16 18:58:06
446,301115141,23.9,0,0.0,0,0,0,"{'open': 0.0, 'high': 0.0, 'low': 0.0, 'close': 23.9}",0.0,2023-08-03 00:00:00,0,2024-08-16 18:58:16
447,14373634,0.0,0,0.0,0,0,0,"{'open': 0.0, 'high': 0.0, 'low': 0.0, 'close': 720.9}",-100.0,2024-07-09 15:25:33,0,2024-08-16 17:24:49
448,14980098,1.9,0,0.0,0,0,0,"{'open': 3.8, 'high': 4.4, 'low': 1.85, 'close': 3.8}",-50.0,2024-08-16 15:29:54,61530,2024-08-16 17:24:12
449,9366274,5.15,0,0.0,0,0,0,"{'open': 16.5, 'high': 16.5, 'low': 4.5, 'close': 20.4}",-74.75490196078431,2024-08-16 15:29:59,2052225,2024-08-16 17:24:57
450,12521218,111.95,0,0.0,0,0,0,"{'open': 125.0, 'high': 135.0, 'low': 106.9, 'close': 160.0}",-30.03125,2024-08-16 15:25:07,96975,2024-08-16 17:25:10
451,283246597,4941.25,0,0.0,0,0,0,"{'open': 0.0, 'high': 0.0, 'low': 0.0, 'close': 4941.25}",0.0,2024-02-08 00:00:00,0,2024-08-16 18:58:13
452,216385797,3400.65,0,0.0,0,0,0,"{'open': 0.0, 'high': 0.0, 'low': 0.0, 'close': 3400.65}",0.0,2024-02-15 00:00:00,0,2024-08-16 18:58:12
453,11022082,1295.2,0,0.0,0,0,0,"{'open': 0.0, 'high': 0.0, 'low': 0.0, 'close': 1295.2}",0.0,2024-08-06 15:10:25,30,2024-08-16 17:24:26
454,216549893,2000.6,0,0.0,0,0,0,"{'open': 0.0, 'high': 0.95, 'low': 0.05, 'close': 2000.6}",0.0,2024-02-20 00:00:00,5870,2024-08-16 18:58:06
455,10010882,0.0,0,0.0,0,0,0,"{'open': 50.0, 'high': 50.0, 'low': 38.8, 'close': 112.15}",-100.0,2024-06-27 15:24:08,0,2024-08-16 17:24:55
456,283323397,5944.2,0,0.0,0,0,0,"{'open': 0.0, 'high': 0.0, 'low': 0.0, 'close': 5944.2}",0.0,2024-02-08 00:00:00,0,2024-08-16 18:58:06
457,14504706,2.9,0,0.0,0,0,0,"{'open': 2.2, 'high': 3.85, 'low': 2.0, 'close': 3.65}",-20.547945205479454,2024-08-16 15:28:09,2150,2024-08-16 17:24:59
458,14253314,0.0,0,0.0,0,0,0,"{'open': 236.0, 'high': 243.3, 'low': 10.85, 'close': 20.85}",-100.0,2024-05-27 15:29:59,0,2024-08-16 17:24:43
459,288504325,1041.4,0,0.0,0,0,0,"{'open': 0.0, 'high': 0.0, 'low': 0.0, 'close': 1041.4}",0.0,2023-12-14 00:00:00,0,2024-08-16 18:58:12
460,226899461,3754.95,0,0.0,0,0,0,"{'open': 0.0, 'high': 0.0, 'low': 0.0, 'close': 3754.95}",0.0,2024-02-01 00:00:00,0,2024-08-16 18:58:13
461,11661826,0.0,0,0.0,0,0,0,"{'open': 0.0, 'high': 0.0, 'low': 0.0, 'close': 3761.3}",-100.0,2024-02-29 12:16:27,0,2024-08-16 17:25:00
462,13603330,0.0,0,0.0,0,0,0,"{'open': 0.8, 'high': 0.8, 'low': 0.05, 'close': 835.55}",-100.0,2024-08-12 15:29:23,0,2024-08-16 17:24:37
463,10953730,0.0,0,0.0,0,0,0,"{'open': 0.0, 'high': 0.0, 'low': 0.0, 'close': 171.1}",-100.0,2024-08-06 15:29:00,0,2024-08-16 17:24:18
464,22058498,0.0,0,0.0,0,0,0,"{'open': 0.0, 'high': 0.0, 'low': 0.0, 'close': 3161.35}",-100.0,2022-09-20 13:50:28,0,2024-08-16 17:25:14
465,10368514,0.0,0,0.0,0,0,0,"{'open': 0.0, 'high': 0.0, 'low': 0.0, 'close': 274.55}",-100.0,2023-05-11 15:29:53,0,2024-08-16 17:24:55
466,283256837,4320.4,0,0.0,0,0,0,"{'open': 0.0, 'high': 0.0, 'low': 0.0, 'close': 4320.4}",0.0,2024-02-08 00:00:00,0,2024-08-16 18:58:11
467,283230725,5450.05,0,0.0,0,0,0,"{'open': 0.0, 'high': 0.0, 'low': 0.0, 'close': 5450.05}",0.0,2024-02-08 00:00:00,0,2024-08-16 18:58:06
468,11388674,0.0,0,0.0,0,0,0,"{'open': 0.0, 'high': 0.0, 'low': 0.0, 'close': 786.0}",-100.0,2024-08-13 15:29:56,884000,2024-08-16 17:24:21
469,10982658,9.55,0,0.0,0,0,0,"{'open': 9.0, 'high': 16.85, 'low': 9.0, 'close': 37.3}",-74.39678284182305,2024-08-16 15:25:15,3435,2024-08-16 17:24:14
470,10565890,211.9,0,0.0,0,0,0,"{'open': 0.0, 'high': 0.0, 'low': 0.0, 'close': 211.9}",0.0,2024-08-14 09:32:58,15,2024-08-16 17:24:25
471,288381701,2938.9,0,0.0,0,0,0,"{'open': 0.0, 'high': 0.0, 'low': 0.0, 'close': 2938.9}",0.0,2023-12-07 00:00:00,0,2024-08-16 18:58:12
472,284166661,245.0,0,0.0,0,0,0,"{'open': 0.0, 'high': 0.0, 'low': 0.0, 'close': 245.0}",0.0,2023-10-26 00:00:00,0,2024-08-16 18:58:06
473,15143682,241.25,0,0.0,0,0,0,"{'open': 429.1, 'high': 550.8, 'low': 227.6, 'close': 558.55}",-56.80780592605854,2024-08-16 15:29:51,102800,2024-08-16 17:24:29
474,283285509,5084.4,0,0.0,0,0,0,"{'open': 0.0, 'high': 0.0, 'low': 0.0, 'close': 5084.4}",0.0,2024-02-08 00:00:00,0,2024-08-16 18:58:06
475,284224773,850.6,0,0.0,0,0,0,"{'open': 0.0, 'high': 0.0, 'low': 0.0, 'close': 850.6}",0.0,2023-10-26 00:00:00,0,2024-08-16 18:58:06
476,14760962,29.75,0,0.0,0,0,0,"{'open': 25.0, 'high': 55.65, 'low': 15.0, 'close': 16.75}",77.61194029850746,2024-08-16 15:29:59,391800,2024-08-16 17:24:42
477,15576834,0.0,0,0.0,0,0,0,"{'open': 0.0, 'high': 0.0, 'low': 0.0, 'close': 133.45}",-100.0,2023-07-27 11:52:41,0,2024-08-16 17:24:46
478,13624834,0.0,0,0.0,0,0,0,"{'open': 132.0, 'high': 190.05, 'low': 0.05, 'close': 1828.8}",-100.0,2024-08-12 15:29:58,0,2024-08-16 17:24:37
479,13605378,0.0,0,0.0,0,0,0,"{'open': 0.95, 'high': 1.8, 'low': 0.05, 'close': 965.6}",-100.0,2024-08-12 15:29:02,0,2024-08-16 17:24:37
480,216269061,408.2,0,0.0,0,0,0,"{'open': 0.0, 'high': 0.0, 'low': 0.0, 'close': 408.2}",0.0,2024-02-15 00:00:00,0,2024-08-16 18:58:12
481,14310146,0.0,0,0.0,0,0,0,"{'open': 1.0, 'high': 1.0, 'low': 0.05, 'close': 47.1}",-100.0,2024-02-19 15:28:59,0,2024-08-16 17:24:48
482,15170050,0.3,0,0.0,0,0,0,"{'open': 0.8, 'high': 0.8, 'low': 0.3, 'close': 0.65}",-53.84615384615385,2024-08-16 15:29:49,110050,2024-08-16 17:24:29
483,11823362,108.05,0,0.0,0,0,0,"{'open': 180.0, 'high': 253.85, 'low': 105.0, 'close': 300.45}",-64.0372774172075,2024-08-16 15:29:59,20460,2024-08-16 17:24:14
484,9889538,184.0,0,0.0,0,0,0,"{'open': 295.0, 'high': 356.5, 'low': 176.05, 'close': 409.45}",-55.06166809134204,2024-08-16 15:29:28,52950,2024-08-16 17:25:02
485,216233733,2923.3,0,0.0,0,0,0,"{'open': 0.0, 'high': 0.0, 'low': 0.0, 'close': 2923.3}",0.0,2024-02-15 00:00:00,0,2024-08-16 18:58:15
486,288247301,945.2,0,0.0,0,0,0,"{'open': 0.0, 'high': 0.0, 'low': 0.0, 'close': 945.2}",0.0,2023-12-14 00:00:00,0,2024-08-16 18:58:06
487,11248386,0.0,0,0.0,0,0,0,"{'open': 0.0, 'high': 0.0, 'low': 0.0, 'close': 1392.45}",-100.0,2024-05-15 15:21:51,0,2024-08-16 17:24:35
488,12330242,14.95,0,0.0,0,0,0,"{'open': 14.0, 'high': 14.95, 'low': 9.4, 'close': 13.2}",13.257575757575758,2024-08-16 15:29:30,11805,2024-08-16 17:24:14
489,283231493,4387.45,0,0.0,0,0,0,"{'open': 0.0, 'high': 0.0, 'low': 0.0, 'close': 4387.45}",0.0,2024-02-08 00:00:00,0,2024-08-16 18:58:13
490,283269381,5979.75,0,0.0,0,0,0,"{'open': 0.0, 'high': 0.0, 'low': 0.0, 'close': 5979.75}",0.0,2024-02-08 00:00:00,0,2024-08-16 18:58:13
491,282919429,3133.45,0,0.0,0,0,0,"{'open': 0.0, 'high': 0.0, 'low': 0.0, 'close': 3133.45}",0.0,2024-01-25 00:00:00,0,2024-08-16 18:58:12
492,215847429,3946.9,0,0.0,0,0,0,"{'open': 0.0, 'high': 0.0, 'low': 0.0, 'close': 3946.9}",0.0,2024-02-15 00:00:00,0,2024-08-16 18:58:06
493,11450370,0.0,0,0.0,0,0,0,"{'open': 944.8, 'high': 1301.7, 'low': 944.8, 'close': 1301.7}",-100.0,2024-08-13 15:20:59,150,2024-08-16 17:24:21
494,11314178,0.0,0,0.0,0,0,0,"{'open': 644.95, 'high': 645.0, 'low': 205.65, 'close': 688.85}",-100.0,2024-07-22 15:29:53,0,2024-08-16 17:24:33
495,15580418,0.0,0,0.0,0,0,0,"{'open': 0.0, 'high': 0.0, 'low': 0.0, 'close': 152.9}",-100.0,2023-11-29 11:17:46,0,2024-08-16 17:24:46
496,283808261,701.7,0,0.0,0,0,0,"{'open': 0.0, 'high': 0.0, 'low': 0.0, 'close': 701.7}",0.0,2024-02-08 00:00:00,0,2024-08-16 18:58:06
497,283303941,1825.1,0,0.0,0,0,0,"{'open': 0.0, 'high': 0.0, 'low': 0.0, 'close': 1825.1}",0.0,2023-12-14 00:00:00,0,2024-08-16 18:58:11
498,9483266,0.65,0,0.0,0,0,0,"{'open': 1.1, 'high': 1.15, 'low': 0.6, 'close': 1.2}",-45.83333333333333,2024-08-16 15:29:58,1233175,2024-08-16 17:24:58
499,9881090,68.0,0,0.0,0,0,0,"{'open': 107.55, 'high': 138.3, 'low': 64.45, 'close': 172.8}",-60.64814814814815,2024-08-16 15:29:39,25200,2024-08-16 17:25:01
500,216359173,17.55,0,0.0,0,0,0,"{'open': 0.0, 'high': 707.0, 'low': 305.05, 'close': 17.55}",0.0,2024-02-15 00:00:00,10980,2024-08-16 18:58:10
501,11331330,0.0,0,0.0,0,0,0,"{'open': 0.0, 'high': 0.0, 'low': 0.0, 'close': 1010.4}",-100.0,2024-07-16 13:46:17,0,2024-08-16 17:24:33
502,283218181,3495.45,0,0.0,0,0,0,"{'open': 0.0, 'high': 0.0, 'low': 0.0, 'close': 3495.45}",0.0,2024-02-08 00:00:00,0,2024-08-16 18:58:06
503,13573634,0.0,0,0.0,0,0,0,"{'open': 0.15, 'high': 0.15, 'low': 0.05, 'close': 97.95}",-100.0,2024-08-12 15:29:03,0,2024-08-16 17:24:37
504,12030978,0.0,0,0.0,0,0,0,"{'open': 42.75, 'high': 114.95, 'low': 0.05, 'close': 106.55}",-100.0,2024-06-24 15:29:56,0,2024-08-16 17:24:38
505,14420738,0.0,0,0.0,0,0,0,"{'open': 449.8, 'high': 449.8, 'low': 282.35, 'close': 1622.35}",-100.0,2024-07-09 15:29:24,0,2024-08-16 17:24:49
506,283875333,1383.3,0,0.0,0,0,0,"{'open': 0.0, 'high': 0.0, 'low': 0.0, 'close': 1383.3}",0.0,2024-02-08 00:00:00,0,2024-08-16 18:58:10
507,12564994,1353.4,0,0.0,0,0,0,"{'open': 0.0, 'high': 0.0, 'low': 0.0, 'close': 1353.4}",0.0,2024-08-13 12:46:02,60,2024-08-16 17:24:16
508,282928645,1895.3,0,0.0,0,0,0,"{'open': 0.0, 'high': 0.0, 'low': 0.0, 'close': 1895.3}",0.0,2024-02-08 00:00:00,0,2024-08-16 18:58:12
509,9934338,0.0,0,0.0,0,0,0,"{'open': 0.0, 'high': 0.0, 'low': 0.0, 'close': 455.05}",-100.0,2024-07-29 15:29:57,0,2024-08-16 17:24:31
510,221579781,31.9,0,0.0,0,0,0,"{'open': 0.0, 'high': 0.0, 'low': 0.0, 'close': 31.9}",0.0,2024-01-04 00:00:00,0,2024-08-16 18:58:10
511,283880965,560.05,0,0.0,0,0,0,"{'open': 0.0, 'high': 0.0, 'low': 0.0, 'close': 560.05}",0.0,2024-02-08 00:00:00,0,2024-08-16 18:58:06
512,12885250,0.0,0,0.0,0,0,0,"{'open': 0.0, 'high': 0.0, 'low': 0.0, 'close': 3516.25}",-100.0,2024-08-06 13:15:34,90,2024-08-16 17:25:04
513,9326850,2.05,0,0.0,0,0,0,"{'open': 2.4, 'high': 2.5, 'low': 0.65, 'close': 2.5}",-18.000000000000007,2024-08-16 15:29:59,4416975,2024-08-16 17:24:57
514,283894789,2245.35,0,0.0,0,0,0,"{'open': 0.0, 'high': 0.0, 'low': 0.0, 'close': 2245.35}",0.0,2024-02-08 00:00:00,0,2024-08-16 18:58:06
515,11317250,0.0,0,0.0,0,0,0,"{'open': 600.0, 'high': 600.0, 'low': 308.0, 'close': 797.8}",-100.0,2024-07-22 15:26:33,0,2024-08-16 17:24:33
516,10874882,92.0,0,0.0,0,0,0,"{'open': 135.0, 'high': 135.0, 'low': 92.0, 'close': 135.1}",-31.90229459659511,2024-08-16 15:28:00,8460,2024-08-16 17:24:25
517,215751685,1345.6,0,0.0,0,0,0,"{'open': 0.0, 'high': 1345.6, 'low': 1345.6, 'close': 1345.6}",0.0,2024-08-14 15:25:14,10,2024-08-16 18:58:15
518,11321602,0.0,0,0.0,0,0,0,"{'open': 774.8, 'high': 774.8, 'low': 369.7, 'close': 855.75}",-100.0,2024-07-22 15:27:27,0,2024-08-16 17:24:33
519,10904066,0.0,0,0.0,0,0,0,"{'open': 0.0, 'high': 0.0, 'low': 0.0, 'close': 1134.05}",-100.0,2024-07-29 09:32:10,0,2024-08-16 17:25:02
520,283730181,1426.1,0,0.0,0,0,0,"{'open': 0.0, 'high': 0.0, 'low': 0.0, 'close': 1426.1}",0.0,2024-02-08 00:00:00,0,2024-08-16 18:58:12
521,16614402,0.0,0,0.0,0,0,0,"{'open': 0.0, 'high': 0.0, 'low': 0.0, 'close': 859.25}",-100.0,2023-11-30 14:48:27,0,2024-08-16 17:24:51
522,283715845,3147.9,0,0.0,0,0,0,"{'open': 0.0, 'high': 0.0, 'low': 0.0, 'close': 3147.9}",0.0,2024-02-08 00:00:00,0,2024-08-16 18:58:15
523,18478850,0.0,0,0.0,0,0,0,"{'open': 0.0, 'high': 0.0, 'low': 0.0, 'close': 9.9}",-100.0,2024-04-23 13:35:17,0,2024-08-16 17:24:45
524,13627906,0.0,0,0.0,0,0,0,"{'open': 225.75, 'high': 337.0, 'low': 113.3, 'close': 2096.2}",-100.0,2024-08-12 15:29:59,0,2024-08-16 17:24:37
525,10834690,0.0,0,0.0,0,0,0,"{'open': 0.0, 'high': 0.0, 'low': 0.0, 'close': 949.5}",-100.0,2024-02-08 15:29:46,0,2024-08-16 17:24:56
526,288219653,2249.4,0,0.0,0,0,0,"{'open': 0.0, 'high': 0.0, 'low': 0.0, 'close': 2249.4}",0.0,2023-12-07 00:00:00,0,2024-08-16 18:58:11
527,9405186,37.9,0,0.0,0,0,0,"{'open': 172.0, 'high': 179.55, 'low': 37.65, 'close': 215.75}",-82.43337195828505,2024-08-16 15:29:59,1250925,2024-08-16 17:24:58
528,283248389,3145.3,0,0.0,0,0,0,"{'open': 0.0, 'high': 0.0, 'low': 0.0, 'close': 3145.3}",0.0,2024-02-08 00:00:00,0,2024-08-16 18:58:13
529,11010562,0.0,0,0.0,0,0,0,"{'open': 0.0, 'high': 0.0, 'low': 0.0, 'close': 668.75}",-100.0,2022-12-29 15:10:10,0,2024-08-16 17:24:25
530,10966530,7304.85,0,0.0,0,0,0,"{'open': 0.0, 'high': 0.0, 'low': 0.0, 'close': 7304.85}",0.0,2024-07-29 14:38:13,150,2024-08-16 17:24:13
531,14705922,0.1,0,0.0,0,0,0,"{'open': 0.2, 'high': 0.2, 'low': 0.05, 'close': 0.2}",-50.0,2024-08-16 15:29:39,78600,2024-08-16 17:24:41
532,12332546,9.85,0,0.0,0,0,0,"{'open': 11.3, 'high': 11.75, 'low': 8.45, 'close': 12.65}",-22.13438735177866,2024-08-16 15:29:03,3540,2024-08-16 17:24:14
533,14766594,2.0,0,0.0,0,0,0,"{'open': 4.2, 'high': 8.4, 'low': 1.8, 'close': 2.7}",-25.92592592592593,2024-08-16 15:29:59,2712250,2024-08-16 17:24:42
534,19123970,35.8,0,0.0,0,0,0,"{'open': 20.0, 'high': 37.5, 'low': 13.8, 'close': 15.6}",129.48717948717947,2024-08-16 15:29:59,964750,2024-08-16 17:25:00
535,10457346,0.0,0,0.0,0,0,0,"{'open': 0.0, 'high': 0.0, 'low': 0.0, 'close': 244.35}",-100.0,2024-08-07 15:29:59,0,2024-08-16 17:25:03
536,284190469,802.8,0,0.0,0,0,0,"{'open': 0.0, 'high': 0.0, 'low': 0.0, 'close': 802.8}",0.0,2023-10-26 00:00:00,0,2024-08-16 18:58:11
537,13051394,0.0,0,0.0,0,0,0,"{'open': 0.0, 'high': 0.0, 'low': 0.0, 'close': 2420.6}",-100.0,2024-07-23 15:29:45,0,2024-08-16 17:24:16
538,9899522,347.45,0,0.0,0,0,0,"{'open': 500.0, 'high': 500.0, 'low': 346.95, 'close': 636.9}",-45.44669492856021,2024-08-16 15:29:30,24525,2024-08-16 17:25:02
539,9412098,93.0,0,0.0,0,0,0,"{'open': 43.65, 'high': 99.4, 'low': 22.7, 'close': 22.4}",315.1785714285714,2024-08-16 15:29:59,888175,2024-08-16 17:24:58
540,10984450,5222.15,0,0.0,0,0,0,"{'open': 0.0, 'high': 0.0, 'low': 0.0, 'close': 5222.15}",0.0,2024-07-29 14:54:08,75,2024-08-16 17:24:14
541,14766850,284.0,0,0.0,0,0,0,"{'open': 350.0, 'high': 445.75, 'low': 272.9, 'close': 469.8}",-39.548744146445294,2024-08-16 15:29:30,16150,2024-08-16 17:24:42
542,11054594,0.0,0,0.0,0,0,0,"{'open': 142.0, 'high': 394.5, 'low': 69.85, 'close': 2587.5}",-100.0,2024-07-30 15:29:59,0,2024-08-16 17:24:26
543,282857733,1916.55,0,0.0,0,0,0,"{'open': 0.0, 'high': 0.0, 'low': 0.0, 'close': 1916.55}",0.0,2024-02-08 00:00:00,0,2024-08-16 18:58:10
544,14553858,0.0,0,0.0,0,0,0,"{'open': 0.0, 'high': 0.0, 'low': 0.0, 'close': 5839.8}",-100.0,2024-05-30 15:21:34,0,2024-08-16 17:24:17
545,284218885,258.9,0,0.0,0,0,0,"{'open': 0.0, 'high': 0.0, 'low': 0.0, 'close': 258.9}",0.0,2023-10-26 00:00:00,0,2024-08-16 18:58:13
546,13754626,165.0,0,0.0,0,0,0,"{'open': 237.5, 'high': 268.0, 'low': 162.85, 'close': 299.45}",-44.898981466021034,2024-08-16 15:29:56,173525,2024-08-16 17:25:08
547,18243330,0.0,0,0.0,0,0,0,"{'open': 17.45, 'high': 19.0, 'low': 2.1, 'close': 135.95}",-100.0,2024-04-25 15:25:06,0,2024-08-16 17:24:44
548,9892866,226.2,0,0.0,0,0,0,"{'open': 364.45, 'high': 387.35, 'low': 225.35, 'close': 490.0}",-53.83673469387755,2024-08-16 15:29:30,5750,2024-08-16 17:25:02
549,283297285,4736.8,0,0.0,0,0,0,"{'open': 0.0, 'high': 0.0, 'low': 0.0, 'close': 4736.8}",0.0,2024-01-25 00:00:00,0,2024-08-16 18:58:06
550,14246658,0.0,0,0.0,0,0,0,"{'open': 0.0, 'high': 0.0, 'low': 0.0, 'close': 2937.85}",-100.0,2024-05-27 15:29:38,0,2024-08-16 17:24:31
551,283986693,584.0,0,0.0,0,0,0,"{'open': 0.0, 'high': 0.0, 'low': 0.0, 'close': 584.0}",0.0,2024-02-08 00:00:00,0,2024-08-16 18:58:06
552,216619013,6082.7,0,0.0,0,0,0,"{'open': 0.0, 'high': 0.2, 'low': 0.1, 'close': 6082.7}",0.0,2024-02-15 00:00:00,1000,2024-08-16 18:58:11
553,282093061,5837.25,0,0.0,0,0,0,"{'open': 0.0, 'high': 0.0, 'low': 0.0, 'close': 5837.25}",0.0,2024-01-25 00:00:00,0,2024-08-16 18:58:06
554,15132930,5.0,0,0.0,0,0,0,"{'open': 26.35, 'high': 28.7, 'low': 4.95, 'close': 44.5}",-88.76404494382022,2024-08-16 15:29:59,257650,2024-08-16 17:24:29
555,14248962,0.0,0,0.0,0,0,0,"{'open': 0.0, 'high': 0.0, 'low': 0.0, 'close': 45.9}",-100.0,2024-05-27 15:29:59,0,2024-08-16 17:24:31
556,11432962,0.0,0,0.0,0,0,0,"{'open': 0.0, 'high': 0.0, 'low': 0.0, 'close': 1474.85}",-100.0,2024-08-13 15:29:28,5300,2024-08-16 17:24:21
557,18306562,0.0,0,0.0,0,0,0,"{'open': 0.0, 'high': 0.0, 'low': 0.0, 'close': 460.1}",-100.0,2024-04-25 15:13:41,0,2024-08-16 17:24:44
558,10263810,0.0,0,0.0,0,0,0,"{'open': 0.0, 'high': 0.0, 'low': 0.0, 'close': 222.75}",-100.0,2024-06-25 09:46:47,0,2024-08-16 17:24:55
559,14985730,1.8,0,0.0,0,0,0,"{'open': 3.2, 'high': 3.55, 'low': 1.55, 'close': 3.45}",-47.826086956521735,2024-08-16 15:29:45,12690,2024-08-16 17:24:12
560,16564738,0.0,0,0.0,0,0,0,"{'open': 0.35, 'high': 0.45, 'low': 0.05, 'close': 412.75}",-100.0,2024-07-25 15:27:49,0,2024-08-16 17:24:51
561,12879362,0.0,0,0.0,0,0,0,"{'open': 3330.65, 'high': 3778.5, 'low': 3316.8, 'close': 1807.35}",-100.0,2024-08-07 15:28:02,0,2024-08-16 17:25:04
562,15659010,0.0,0,0.0,0,0,0,"{'open': 0.3, 'high': 0.3, 'low': 0.05, 'close': 994.55}",-100.0,2024-07-02 15:25:04,0,2024-08-16 17:24:47
563,283890437,4095.3,0,0.0,0,0,0,"{'open': 0.0, 'high': 0.0, 'low': 0.0, 'close': 4095.3}",0.0,2024-02-08 00:00:00,0,2024-08-16 18:58:11
564,288358405,651.45,0,0.0,0,0,0,"{'open': 0.0, 'high': 0.0, 'low': 0.0, 'close': 651.45}",0.0,2023-12-14 00:00:00,0,2024-08-16 18:58:06
565,284035845,317.15,0,0.0,0,0,0,"{'open': 0.0, 'high': 0.0, 'low': 0.0, 'close': 317.15}",0.0,2024-02-08 00:00:00,0,2024-08-16 18:58:06
566,15008002,20.1,0,0.0,0,0,0,"{'open': 0.0, 'high': 0.0, 'low': 0.0, 'close': 20.1}",0.0,2024-07-22 13:13:19,500,2024-08-16 17:25:13
567,14731522,0.4,0,0.0,0,0,0,"{'open': 0.55, 'high': 1.35, 'low': 0.2, 'close': 0.95}",-57.89473684210526,2024-08-16 15:29:47,12650,2024-08-16 17:24:41
568,13560322,0.0,0,0.0,0,0,0,"{'open': 0.0, 'high': 0.0, 'low': 0.0, 'close': 21.55}",-100.0,2023-07-27 15:29:59,0,2024-08-16 17:24:36
569,10234370,32.4,0,0.0,0,0,0,"{'open': 31.0, 'high': 32.95, 'low': 29.2, 'close': 33.55}",-3.42771982116244,2024-08-16 15:29:46,514225,2024-08-16 17:25:11
570,283209477,2037.4,0,0.0,0,0,0,"{'open': 0.0, 'high': 0.0, 'low': 0.0, 'close': 2037.4}",0.0,2024-02-08 00:00:00,0,2024-08-16 18:58:06
571,216376837,5760.4,0,0.0,0,0,0,"{'open': 0.0, 'high': 0.0, 'low': 0.0, 'close': 5760.4}",0.0,2024-02-20 00:00:00,0,2024-08-16 18:58:13
572,216300293,1183.75,0,0.0,0,0,0,"{'open': 0.0, 'high': 0.0, 'low': 0.0, 'close': 1183.75}",0.0,2024-02-20 00:00:00,0,2024-08-16 18:58:10
573,216759813,3850.05,0,0.0,0,0,0,"{'open': 0.0, 'high': 0.0, 'low': 0.0, 'close': 3850.05}",0.0,2024-02-15 00:00:00,0,2024-08-16 18:58:12
574,11261698,0.0,0,0.0,0,0,0,"{'open': 0.0, 'high': 0.0, 'low': 0.0, 'close': 1723.35}",-100.0,2024-06-20 15:28:58,0,2024-08-16 17:24:35
575,14981122,2.05,0,0.0,0,0,0,"{'open': 3.3, 'high': 3.75, 'low': 1.85, 'close': 3.6}",-43.055555555555564,2024-08-16 15:29:59,700905,2024-08-16 17:24:12
576,9211650,10600.0,0,0.0,0,0,0,"{'open': 10600.0, 'high': 10600.0, 'low': 10600.0, 'close': 10400.0}",1.9230769230769231,2024-08-16 10:10:15,1335,2024-08-16 17:24:13
577,222088453,67.45,0,0.0,0,0,0,"{'open': 0.0, 'high': 0.0, 'low': 0.0, 'close': 67.45}",0.0,2023-11-23 00:00:00,0,2024-08-16 18:58:06
578,9338114,2.85,0,0.0,0,0,0,"{'open': 3.0, 'high': 3.0, 'low': 1.35, 'close': 3.1}",-8.064516129032258,2024-08-16 15:29:53,50275,2024-08-16 17:24:57
579,14974210,2715.0,0,0.0,0,0,0,"{'open': 0.0, 'high': 0.0, 'low': 0.0, 'close': 2715.0}",0.0,2024-08-14 15:14:15,270,2024-08-16 17:24:12
580,14766082,2.2,0,0.0,0,0,0,"{'open': 4.0, 'high': 10.2, 'low': 2.2, 'close': 3.05}",-27.868852459016384,2024-08-16 15:29:59,468850,2024-08-16 17:24:42
581,9914114,0.0,0,0.0,0,0,0,"{'open': 0.0, 'high': 0.0, 'low': 0.0, 'close': 437.2}",-100.0,2024-07-29 09:15:58,0,2024-08-16 17:24:31
582,283754245,1847.7,0,0.0,0,0,0,"{'open': 0.0, 'high': 0.0, 'low': 0.0, 'close': 1847.7}",0.0,2024-02-08 00:00:00,0,2024-08-16 18:58:15
583,14752258,274.8,0,0.0,0,0,0,"{'open': 199.95, 'high': 296.6, 'low': 143.65, 'close': 146.2}",87.96169630642957,2024-08-16 15:29:50,38600,2024-08-16 17:24:42
584,283708677,3735.8,0,0.0,0,0,0,"{'open': 0.0, 'high': 0.0, 'low': 0.0, 'close': 3735.8}",0.0,2024-02-08 00:00:00,0,2024-08-16 18:58:13
585,9854978,0.0,0,0.0,0,0,0,"{'open': 0.0, 'high': 0.0, 'low': 0.0, 'close': 4.65}",-100.0,2024-07-31 15:25:01,0,2024-08-16 17:25:01
586,13271298,0.0,0,0.0,0,0,0,"{'open': 0.0, 'high': 0.0, 'low': 0.0, 'close': 2695.25}",-100.0,2023-06-28 15:25:18,0,2024-08-16 17:24:30
587,221999109,4945.0,0,0.0,0,0,0,"{'open': 0.0, 'high': 0.0, 'low': 0.0, 'close': 4945.0}",0.0,2023-11-23 00:00:00,0,2024-08-16 18:58:10
588,15090946,0.5,0,0.0,0,0,0,"{'open': 0.9, 'high': 1.05, 'low': 0.4, 'close': 1.0}",-50.0,2024-08-16 15:29:46,16550,2024-08-16 17:24:28
589,22131970,0.0,0,0.0,0,0,0,"{'open': 0.0, 'high': 0.0, 'low': 0.0, 'close': 131.45}",-100.0,2023-09-28 15:24:23,0,2024-08-16 17:24:52
590,18296578,0.0,0,0.0,0,0,0,"{'open': 0.0, 'high': 0.0, 'low': 0.0, 'close': 523.5}",-100.0,2022-01-27 14:57:34,0,2024-08-16 17:24:44
591,10090754,0.0,0,0.0,0,0,0,"{'open': 0.0, 'high': 0.0, 'low': 0.0, 'close': 46.4}",-100.0,2024-07-29 15:25:01,0,2024-08-16 17:24:40
592,15231490,0.0,0,0.0,0,0,0,"{'open': 0.0, 'high': 0.0, 'low': 0.0, 'close': 2307.75}",-100.0,2024-06-26 12:30:50,0,2024-08-16 17:25:08
593,283054853,3333.9,0,0.0,0,0,0,"{'open': 0.0, 'high': 0.0, 'low': 0.0, 'close': 3333.9}",0.0,2024-02-08 00:00:00,0,2024-08-16 18:58:12
594,288345861,3583.55,0,0.0,0,0,0,"{'open': 0.0, 'high': 0.0, 'low': 0.0, 'close': 3583.55}",0.0,2024-01-18 00:00:00,0,2024-08-16 18:58:11
595,283064325,2010.95,0,0.0,0,0,0,"{'open': 0.0, 'high': 0.0, 'low': 0.0, 'close': 2010.95}",0.0,2024-01-25 00:00:00,0,2024-08-16 18:58:13
596,11366146,0.0,0,0.0,0,0,0,"{'open': 0.0, 'high': 0.0, 'low': 0.0, 'close': 714.5}",-100.0,2024-08-13 15:29:58,1725650,2024-08-16 17:24:21
597,14008066,0.0,0,0.0,0,0,0,"{'open': 442.85, 'high': 527.95, 'low': 366.1, 'close': 460.15}",-100.0,2024-06-03 15:29:07,0,2024-08-16 17:24:39
598,15157250,0.4,0,0.0,0,0,0,"{'open': 0.8, 'high': 0.95, 'low': 0.4, 'close': 0.8}",-50.0,2024-08-16 15:29:37,33325,2024-08-16 17:24:29
599,226777861,2023.25,0,0.0,0,0,0,"{'open': 0.0, 'high': 0.0, 'low': 0.0, 'close': 2023.25}",0.0,2024-02-01 00:00:00,0,2024-08-16 18:58:06
600,14777858,0.2,0,0.0,0,0,0,"{'open': 0.75, 'high': 0.95, 'low': 0.15, 'close': 0.75}",-73.33333333333334,2024-08-16 15:29:54,88300,2024-08-16 17:24:42
601,15146242,464.4,0,0.0,0,0,0,"{'open': 636.45, 'high': 809.25, 'low': 452.55, 'close': 444.2}",4.547501125619088,2024-08-16 15:27:24,2975,2024-08-16 17:24:29
602,8978690,23024.95,0,0.0,0,0,0,"{'open': 22785.1, 'high': 23035.5, 'low': 22679.0, 'close': 22694.3}",1.4569737775564855,2024-08-16 15:29:54,94925,2024-08-16 16:49:00
603,18274306,0.0,0,0.0,0,0,0,"{'open': 0.0, 'high': 0.0, 'low': 0.0, 'close': 7299.0}",-100.0,2022-04-29 09:31:29,0,2024-08-16 17:25:12
604,221410821,139.0,0,0.0,0,0,0,"{'open': 506.45, 'high': 696.85, 'low': 133.2, 'close': 786.95}",-82.33687019505687,2024-08-16 15:29:58,103200,2024-08-16 18:58:06
605,9628674,0.0,0,0.0,0,0,0,"{'open': 0.0, 'high': 0.0, 'low': 0.0, 'close': 64.05}",-100.0,2024-06-07 11:00:08,0,2024-08-16 17:24:55
606,17371138,0.0,0,0.0,0,0,0,"{'open': 0.0, 'high': 0.0, 'low': 0.0, 'close': 549.0}",-100.0,2024-07-25 15:28:18,231600,2024-08-16 17:25:05
607,10422786,0.0,0,0.0,0,0,0,"{'open': 0.0, 'high': 0.0, 'low': 0.0, 'close': 57.2}",-100.0,2024-08-07 15:29:26,0,2024-08-16 17:25:03
608,282160645,4593.25,0,0.0,0,0,0,"{'open': 0.0, 'high': 0.0, 'low': 0.0, 'close': 4593.25}",0.0,2024-01-25 00:00:00,0,2024-08-16 18:58:11
609,17172482,0.0,0,0.0,0,0,0,"{'open': 0.0, 'high': 0.0, 'low': 0.0, 'close': 7517.2}",-100.0,2022-07-27 15:04:07,0,2024-08-16 17:24:27
610,14496514,2.35,0,0.0,0,0,0,"{'open': 2.85, 'high': 2.85, 'low': 1.45, 'close': 2.55}",-7.84313725490195,2024-08-16 15:29:46,224875,2024-08-16 17:24:59
611,14529538,1214.6,0,0.0,0,0,0,"{'open': 1031.0, 'high': 1223.25, 'low': 899.65, 'close': 836.95}",45.122169783141146,2024-08-16 15:26:49,32900,2024-08-16 17:25:00
612,283996677,4293.7,0,0.0,0,0,0,"{'open': 0.0, 'high': 0.0, 'low': 0.0, 'close': 4293.7}",0.0,2024-02-08 00:00:00,0,2024-08-16 18:58:13
613,226721541,1599.55,0,0.0,0,0,0,"{'open': 0.0, 'high': 0.0, 'low': 0.0, 'close': 1599.55}",0.0,2024-02-01 00:00:00,0,2024-08-16 18:58:06
614,284227077,507.55,0,0.0,0,0,0,"{'open': 0.0, 'high': 0.0, 'low': 0.0, 'close': 507.55}",0.0,2024-01-25 00:00:00,0,2024-08-16 18:58:06
615,10368002,0.0,0,0.0,0,0,0,"{'open': 0.0, 'high': 0.0, 'low': 0.0, 'close': 266.6}",-100.0,2024-01-25 13:48:27,0,2024-08-16 17:24:55
616,13965058,672.0,0,0.0,0,0,0,"{'open': 791.1, 'high': 871.5, 'low': 670.0, 'close': 997.8}",-32.65183403487673,2024-08-16 15:29:07,12200,2024-08-16 17:25:08
617,14799618,0.1,0,0.0,0,0,0,"{'open': 0.3, 'high': 0.4, 'low': 0.1, 'close': 0.3}",-66.66666666666667,2024-08-16 15:29:33,161950,2024-08-16 17:24:42
618,9849602,0.0,0,0.0,0,0,0,"{'open': 0.0, 'high': 0.0, 'low': 0.0, 'close': 111.0}",-100.0,2024-03-28 15:29:23,0,2024-08-16 17:24:31
619,17171970,5300.0,0,0.0,0,0,0,"{'open': 5475.0, 'high': 5475.0, 'low': 5300.0, 'close': 5300.0}",0.0,2024-08-13 13:25:26,0,2024-08-16 17:24:27
620,14977282,3314.05,0,0.0,0,0,0,"{'open': 0.0, 'high': 0.0, 'low': 0.0, 'close': 3314.05}",0.0,2024-08-14 15:28:56,225,2024-08-16 17:24:12
621,227714821,3184.05,0,0.0,0,0,0,"{'open': 0.0, 'high': 0.0, 'low': 0.0, 'close': 3184.05}",0.0,2024-02-01 00:00:00,0,2024-08-16 18:58:12
622,14752514,7.15,0,0.0,0,0,0,"{'open': 29.9, 'high': 43.25, 'low': 4.8, 'close': 63.5}",-88.74015748031496,2024-08-16 15:29:58,1162100,2024-08-16 17:24:42
623,222097925,481.2,0,0.0,0,0,0,"{'open': 0.0, 'high': 0.0, 'low': 0.0, 'close': 481.2}",0.0,2023-11-23 00:00:00,0,2024-08-16 18:58:16
624,299761413,8.25,0,0.0,0,0,0,"{'open': 0.0, 'high': 0.0, 'low': 0.0, 'close': 8.25}",0.0,2023-06-28 00:00:00,0,2024-08-16 18:58:15
625,12588546,21.6,0,0.0,0,0,0,"{'open': 0.0, 'high': 0.0, 'low': 0.0, 'close': 21.6}",0.0,2024-08-13 11:47:35,1175,2024-08-16 17:25:12
626,15130626,865.0,0,0.0,0,0,0,"{'open': 749.5, 'high': 893.0, 'low': 571.3, 'close': 587.35}",47.271643823955046,2024-08-16 14:53:38,1225,2024-08-16 17:24:29
627,283418629,6265.75,0,0.0,0,0,0,"{'open': 0.0, 'high': 0.0, 'low': 0.0, 'close': 6265.75}",0.0,2023-12-14 00:00:00,0,2024-08-16 18:58:12
628,282955269,3926.9,0,0.0,0,0,0,"{'open': 0.0, 'high': 0.0, 'low': 0.0, 'close': 3926.9}",0.0,2024-02-08 00:00:00,0,2024-08-16 18:58:16
629,11231234,0.0,0,0.0,0,0,0,"{'open': 858.0, 'high': 910.1, 'low': 828.8, 'close': 985.3}",-100.0,2024-08-05 15:15:01,0,2024-08-16 17:24:35
630,13050114,0.0,0,0.0,0,0,0,"{'open': 0.0, 'high': 0.0, 'low': 0.0, 'close': 2354.7}",-100.0,2024-07-23 15:29:53,0,2024-08-16 17:24:16
631,14764290,210.5,0,0.0,0,0,0,"{'open': 248.7, 'high': 248.7, 'low': 206.55, 'close': 364.35}",-42.22588170714972,2024-08-16 15:29:35,1450,2024-08-16 17:24:42
632,12348418,4.1,0,0.0,0,0,0,"{'open': 3.4, 'high': 4.5, 'low': 3.2, 'close': 5.45}",-24.77064220183487,2024-08-16 15:29:22,118740,2024-08-16 17:24:15
633,18268930,710.0,0,0.0,0,0,0,"{'open': 854.6, 'high': 875.0, 'low': 706.05, 'close': 924.9}",-23.234944318304677,2024-08-16 15:29:59,955925,2024-08-16 17:25:11
634,14785794,0.0,0,0.0,0,0,0,"{'open': 0.0, 'high': 0.0, 'low': 0.0, 'close': 1065.55}",-100.0,2024-02-29 14:48:02,0,2024-08-16 17:24:42
635,18245122,0.0,0,0.0,0,0,0,"{'open': 0.0, 'high': 0.0, 'low': 0.0, 'close': 902.95}",-100.0,2024-04-25 15:26:10,0,2024-08-16 17:24:44
636,11016194,535.0,0,0.0,0,0,0,"{'open': 620.05, 'high': 717.0, 'low': 522.0, 'close': 752.1}",-28.8658423082037,2024-08-16 15:26:53,6975,2024-08-16 17:24:26
637,283204357,2986.3,0,0.0,0,0,0,"{'open': 0.0, 'high': 0.0, 'low': 0.0, 'close': 2986.3}",0.0,2024-01-25 00:00:00,0,2024-08-16 18:58:11
638,10985474,4878.05,0,0.0,0,0,0,"{'open': 0.0, 'high': 0.0, 'low': 0.0, 'close': 4878.05}",0.0,2024-07-29 15:04:49,45,2024-08-16 17:24:14
639,283942405,2905.5,0,0.0,0,0,0,"{'open': 0.0, 'high': 0.0, 'low': 0.0, 'close': 2905.5}",0.0,2024-02-08 00:00:00,0,2024-08-16 18:58:13
640,295673605,20.2,0,0.0,0,0,0,"{'open': 0.0, 'high': 0.0, 'low': 0.0, 'close': 20.2}",0.0,2023-12-07 00:00:00,0,2024-08-16 18:58:12
641,10968834,12.0,0,0.0,0,0,0,"{'open': 10.0, 'high': 14.0, 'low': 3.7, 'close': 12.2}",-1.6393442622950762,2024-08-16 15:29:29,1260,2024-08-16 17:24:13
642,11290882,209.7,0,0.0,0,0,0,"{'open': 209.7, 'high': 209.7, 'low': 209.7, 'close': 209.7}",0.0,2024-08-13 10:17:49,0,2024-08-16 17:24:33
643,17166850,109.95,0,0.0,0,0,0,"{'open': 102.05, 'high': 111.0, 'low': 95.0, 'close': 102.05}",7.741303282704562,2024-08-16 15:14:25,9720,2024-08-16 17:24:27
644,14236162,123.75,0,0.0,0,0,0,"{'open': 200.0, 'high': 200.0, 'low': 77.1, 'close': 200.0}",-38.125,2024-08-16 15:27:55,625,2024-08-16 17:24:31
645,11659010,2.3,0,0.0,0,0,0,"{'open': 3.1, 'high': 3.3, 'low': 1.85, 'close': 3.1}",-25.806451612903235,2024-08-16 15:29:45,40425,2024-08-16 17:25:00
646,12440578,65.95,0,0.0,0,0,0,"{'open': 85.8, 'high': 95.0, 'low': 61.25, 'close': 106.75}",-38.220140515222475,2024-08-16 15:29:54,221500,2024-08-16 17:25:07
647,16433154,0.0,0,0.0,0,0,0,"{'open': 0.0, 'high': 0.0, 'low': 0.0, 'close': 951.45}",-100.0,2023-05-25 15:28:37,0,2024-08-16 17:24:22
648,283025669,1147.8,0,0.0,0,0,0,"{'open': 0.0, 'high': 0.0, 'low': 0.0, 'close': 1147.8}",0.0,2024-02-08 00:00:00,0,2024-08-16 18:58:10
649,9756674,0.0,0,0.0,0,0,0,"{'open': 0.0, 'high': 0.0, 'low': 0.0, 'close': 1945.95}",-100.0,2021-09-30 11:37:09,0,2024-08-16 17:24:31
650,283110917,1552.45,0,0.0,0,0,0,"{'open': 0.0, 'high': 0.0, 'low': 0.0, 'close': 1552.45}",0.0,2024-02-08 00:00:00,0,2024-08-16 18:58:06
651,14790658,0.0,0,0.0,0,0,0,"{'open': 0.0, 'high': 0.0, 'low': 0.0, 'close': 1220.55}",-100.0,2024-02-29 15:27:53,0,2024-08-16 17:24:42
652,221608197,7.55,0,0.0,0,0,0,"{'open': 0.0, 'high': 0.0, 'low': 0.0, 'close': 7.55}",0.0,2023-12-14 00:00:00,0,2024-08-16 18:58:12
653,226442501,4191.15,0,0.0,0,0,0,"{'open': 0.0, 'high': 0.0, 'low': 0.0, 'close': 4191.15}",0.0,2024-02-20 00:00:00,0,2024-08-16 18:58:10
654,10976770,4993.7,0,0.0,0,0,0,"{'open': 0.0, 'high': 0.0, 'low': 0.0, 'close': 4993.7}",0.0,2024-08-05 10:32:51,240,2024-08-16 17:24:13
655,283951877,193.15,0,0.0,0,0,0,"{'open': 0.0, 'high': 0.0, 'low': 0.0, 'close': 193.15}",0.0,2024-02-08 00:00:00,0,2024-08-16 18:58:06
656,13725442,582.95,0,0.0,0,0,0,"{'open': 0.0, 'high': 0.0, 'low': 0.0, 'close': 582.95}",0.0,2024-06-14 10:36:40,50,2024-08-16 17:25:14
657,16436226,449.95,0,0.0,0,0,0,"{'open': 682.0, 'high': 682.0, 'low': 432.55, 'close': 717.6}",-37.297937569676705,2024-08-16 15:29:56,105870,2024-08-16 17:24:23
658,11064322,0.0,0,0.0,0,0,0,"{'open': 0.0, 'high': 0.0, 'low': 0.0, 'close': 3371.2}",-100.0,2024-07-30 15:26:06,0,2024-08-16 17:24:26
659,14967298,808.25,0,0.0,0,0,0,"{'open': 1083.2, 'high': 1462.4, 'low': 750.0, 'close': 1460.6}",-44.663152129261945,2024-08-16 15:29:45,19860,2024-08-16 17:24:12
660,10097410,0.0,0,0.0,0,0,0,"{'open': 0.0, 'high': 0.0, 'low': 0.0, 'close': 133.45}",-100.0,2024-07-29 15:20:02,0,2024-08-16 17:24:40
661,9408002,246.5,0,0.0,0,0,0,"{'open': 121.65, 'high': 255.35, 'low': 79.2, 'close': 75.65}",225.84269662921346,2024-08-16 15:29:59,1982900,2024-08-16 17:24:58
662,22239234,0.0,0,0.0,0,0,0,"{'open': 0.0, 'high': 0.0, 'low': 0.0, 'close': 798.9}",-100.0,2024-05-30 14:54:50,0,2024-08-16 17:24:53
663,14958338,675.0,0,0.0,0,0,0,"{'open': 438.95, 'high': 790.0, 'low': 301.0, 'close': 347.7}",94.13287316652287,2024-08-16 15:29:59,919350,2024-08-16 17:24:12
664,22233346,0.0,0,0.0,0,0,0,"{'open': 0.0, 'high': 0.0, 'low': 0.0, 'close': 739.15}",-100.0,2024-05-30 15:22:23,0,2024-08-16 17:24:53
665,283257861,4571.85,0,0.0,0,0,0,"{'open': 0.0, 'high': 0.0, 'low': 0.0, 'close': 4571.85}",0.0,2024-02-08 00:00:00,0,2024-08-16 18:58:13
666,12432642,0.0,0,0.0,0,0,0,"{'open': 0.0, 'high': 0.0, 'low': 0.0, 'close': 3455.1}",-100.0,2023-12-28 14:35:31,0,2024-08-16 17:24:19
667,12094466,1127.65,0,0.0,0,0,0,"{'open': 885.6, 'high': 1240.0, 'low': 724.8, 'close': 759.6}",48.45313322801475,2024-08-16 15:29:48,33300,2024-08-16 17:24:14
668,288392709,2144.65,0,0.0,0,0,0,"{'open': 0.0, 'high': 0.0, 'low': 0.0, 'close': 2144.65}",0.0,2023-12-14 00:00:00,0,2024-08-16 18:58:16
669,11215618,0.0,0,0.0,0,0,0,"{'open': 0.0, 'high': 0.0, 'low': 0.0, 'close': 545.25}",-100.0,2024-08-05 15:29:27,0,2024-08-16 17:24:35
670,11166722,0.0,0,0.0,0,0,0,"{'open': 8.0, 'high': 38.4, 'low': 0.05, 'close': 95.4}",-100.0,2024-08-05 15:29:53,0,2024-08-16 17:24:35
671,11123458,15.75,0,0.0,0,0,0,"{'open': 0.0, 'high': 0.0, 'low': 0.0, 'close': 15.75}",0.0,2024-08-06 14:19:36,150,2024-08-16 17:24:45
672,17168386,298.55,0,0.0,0,0,0,"{'open': 320.0, 'high': 335.95, 'low': 280.0, 'close': 377.05}",-20.81951995756531,2024-08-16 15:26:04,82560,2024-08-16 17:24:27
673,299457797,65.75,0,0.0,0,0,0,"{'open': 0.0, 'high': 0.0, 'low': 0.0, 'close': 65.75}",0.0,2023-06-28 00:00:00,0,2024-08-16 18:58:13
674,11007490,0.0,0,0.0,0,0,0,"{'open': 0.3, 'high': 0.35, 'low': 0.05, 'close': 560.35}",-100.0,2022-09-08 15:26:15,0,2024-08-16 17:24:25
675,282067717,1572.35,0,0.0,0,0,0,"{'open': 0.0, 'high': 0.0, 'low': 0.0, 'close': 1572.35}",0.0,2023-09-07 00:00:00,0,2024-08-16 18:58:06
676,10985986,3383.05,0,0.0,0,0,0,"{'open': 0.0, 'high': 0.0, 'low': 0.0, 'close': 3383.05}",0.0,2024-08-13 12:47:38,165,2024-08-16 17:24:14
677,221656581,3.0,0,0.0,0,0,0,"{'open': 11.75, 'high': 11.75, 'low': 0.35, 'close': 60.5}",-95.04132231404958,2024-08-16 15:29:40,8040,2024-08-16 18:58:15
678,283820549,3653.65,0,0.0,0,0,0,"{'open': 0.0, 'high': 0.0, 'low': 0.0, 'close': 3653.65}",0.0,2024-02-08 00:00:00,0,2024-08-16 18:58:11
679,11108610,0.0,0,0.0,0,0,0,"{'open': 0.3, 'high': 9.0, 'low': 0.05, 'close': 17.15}",-100.0,2024-08-05 15:27:25,0,2024-08-16 17:24:34
680,11653634,2041.4,0,0.0,0,0,0,"{'open': 0.0, 'high': 0.0, 'low': 0.0, 'close': 2041.4}",0.0,2024-08-13 14:06:00,900,2024-08-16 17:25:00
681,13423618,130.1,0,0.0,0,0,0,"{'open': 169.9, 'high': 202.45, 'low': 128.65, 'close': 225.2}",-42.229129662522205,2024-08-16 15:27:33,3900,2024-08-16 17:25:08
682,18396674,0.0,0,0.0,0,0,0,"{'open': 0.0, 'high': 0.0, 'low': 0.0, 'close': 369.95}",-100.0,2024-02-29 15:29:50,0,2024-08-16 17:24:44
683,222189829,2348.9,0,0.0,0,0,0,"{'open': 0.0, 'high': 11.0, 'low': 0.05, 'close': 2348.9}",0.0,2024-04-22 15:25:16,47565,2024-08-16 18:58:10
684,12444418,0.0,0,0.0,0,0,0,"{'open': 0.0, 'high': 0.0, 'low': 0.0, 'close': 3788.35}",-100.0,2022-06-21 15:23:21,0,2024-08-16 17:24:19
685,222180357,2309.3,0,0.0,0,0,0,"{'open': 0.0, 'high': 0.0, 'low': 0.0, 'close': 2309.3}",0.0,2023-11-23 00:00:00,0,2024-08-16 18:58:06
686,222132997,351.25,0,0.0,0,0,0,"{'open': 0.0, 'high': 20.0, 'low': 11.0, 'close': 351.25}",0.0,2024-05-01 17:09:28,3050,2024-08-16 18:58:10
687,17371650,0.0,0,0.0,0,0,0,"{'open': 0.0, 'high': 0.0, 'low': 0.0, 'close': 576.1}",-100.0,2022-11-24 13:56:29,0,2024-08-16 17:25:05
688,10905090,0.0,0,0.0,0,0,0,"{'open': 0.15, 'high': 0.25, 'low': 0.05, 'close': 1172.85}",-100.0,2024-04-04 15:29:29,0,2024-08-16 17:25:02
689,14383362,0.0,0,0.0,0,0,0,"{'open': 0.0, 'high': 0.0, 'low': 0.0, 'close': 0.0}",0.0,1970-01-01 05:30:00,0,2024-08-16 17:24:49
690,12238082,304.15,0,0.0,0,0,0,"{'open': 495.95, 'high': 631.9, 'low': 298.8, 'close': 673.35}",-54.83032598203015,2024-08-16 15:29:59,63090,2024-08-16 17:24:14
691,11296770,0.0,0,0.0,0,0,0,"{'open': 0.0, 'high': 0.0, 'low': 0.0, 'close': 418.5}",-100.0,2024-07-22 15:29:59,0,2024-08-16 17:24:33
692,216555781,3957.25,0,0.0,0,0,0,"{'open': 0.0, 'high': 0.0, 'low': 0.0, 'close': 3957.25}",0.0,2024-02-20 00:00:00,0,2024-08-16 18:58:06
693,19121666,67.3,0,0.0,0,0,0,"{'open': 40.45, 'high': 69.3, 'low': 24.8, 'close': 26.25}",156.38095238095238,2024-08-16 15:29:56,223600,2024-08-16 17:25:00
694,18197762,0.0,0,0.0,0,0,0,"{'open': 0.05, 'high': 1.45, 'low': 0.05, 'close': 21.95}",-100.0,2023-06-28 14:52:24,0,2024-08-16 17:24:43
695,18242562,0.0,0,0.0,0,0,0,"{'open': 0.0, 'high': 0.0, 'low': 0.0, 'close': 976.9}",-100.0,2024-04-25 15:28:39,0,2024-08-16 17:24:44
696,283678725,2613.3,0,0.0,0,0,0,"{'open': 0.0, 'high': 0.0, 'low': 0.0, 'close': 2613.3}",0.0,2024-02-08 00:00:00,0,2024-08-16 18:58:10
697,16433666,23.0,0,0.0,0,0,0,"{'open': 26.0, 'high': 27.5, 'low': 23.0, 'close': 30.75}",-25.203252032520325,2024-08-16 15:29:49,17625,2024-08-16 17:24:22
698,15165954,0.45,0,0.0,0,0,0,"{'open': 0.8, 'high': 0.9, 'low': 0.35, 'close': 0.65}",-30.769230769230766,2024-08-16 15:29:56,5850,2024-08-16 17:24:29
